2542 4350
357 484 585 569 EPISTOLAE
608 492 900 569 volantatem.
941 503 947 512 ‘
1005 497 1052 576 ’45
1137 502 1158 517 “

210 581 308 666 ltalffe
325 629 334 656 ‚
356 609 441 654 uuna
456 590 678 675 gratulatione
695 590 922 676 mitigavimna
948 586 1049 650 dolo·

211 693 302 739 rem.
324 678 441 762 ltaque
459 677 620 741 commori
644 680 749 741 nostra
775 695 850 762 erga
869 692 900 740 te
917 692 1052 762 paterna

197 762 439 832 .l›enerolentia
454 765 684 840 annaneane,
708 784 806 851 quam
826 765 947 842 etiam,
972 783 1050 829 rum
1084 803 1086 807 ·

210 863 251 916 tu'
265 853 343 916 esses
357 855 389 917 in
404 854 583 919 minoribns
600 899 611 930 ‚
638 853 844 940 susceptam,
871 853 996 938 magnis
1016 854 1050 921 ar

211 940 342 1005 mutuis
357 941 443 1006 inter
468 962 527 1005 nos
543 941 660 1010 officiis
685 963 744 1005 nos
760 943 911 1005 audurus
936 942 1049 1026 speta-

209 1046 287 1092 mua
299 1072 311 1104 ,
335 1032 393 1093 has
421 1033 461 1093 ad
477 1047 568 1093 tuam
588 1030 789 1107 Maiestatem
805 1030 933 1093 litteras
959 1030 1049 1091 dire-

209 1115 352 1191 ximus,
377 1116 511 1180 nlrnciaa
530 1138 601 1181 eum
620 1118 731 1182 nostrae
749 1140 789 1183 ex
809 1132 864 1178 tua
886 1117 1050 1204 amplitu-

207 1203 288 1267 dine
311 1203 464 1287 suscepta
475 1203 628 1279 latitia,
654 1219 725 1270 tum
742 1204 912 1291 singularis
928 1227 1000 1291 erga
1016 1220 1050 1270 te

209 1288 336 1366 audii,
359 1294 388 1357 Se
411 1294 557 1355 amoris.
593 1293 664 1356 Nos
692 1307 751 1368 te,
780 1295 953 1357 charillime
977 1292 1048 1368 fili,

218 1375 348 1464 semper
377 1379 596 1460 judicavimus
622 1402 695 1445 cum
721 1384 841 1447 ceteris
866 1381 1051 1449 virtutium

209 1468 370 1533 omuibus
392 1511 402 1541 ,
428 1487 498 1551 qua
521 1487 639 1554 magno
665 1467 807 1553 Principi
833 1471 1052 1544 conveniant,

212 1572 395 1628 ornatum,
420 1570 490 1620 tum
515 1556 676 1642 precipua
704 1558 844 1640 quadam
877 1559 1053 1642 praeditum

210 1660 290 1725 erga
317 1643 479 1709 summum
494 1648 603 1710 Deum
626 1645 781 1731 pietate,
805 1647 836 1707 in
854 1645 947 1705 illins
976 1643 1053 1708 san·

213 1731 298 1793 diam
321 1734 432 1798 Fidem
447 1737 496 1803 ‚dt
511 1736 692 1798 Romanam
706 1726 742 1792 a'c
759 1728 973 1795 universalem
986 1733 1054 1794 Ee·

211 1814 343 1881 alestam
369 1819 527 1904 religione
555 1815 811 1887 &observantia
824 1840 837 1897 3
861 1822 952 1895 cnjus
973 1822 1054 1902 qui·

213 1903 293 1969 dem
319 1908 365 1970 rei
381 1907 541 1992 egregiam
565 1907 649 1970 alian
664 1907 793 1972 laudem
810 1949 821 1979 ,
846 1927 929 1970 nunc
945 1907 1053 1974 maxi·

214 2011 306 2057 mum
333 1996 374 2059 ab
400 1993 470 2080 ipso
484 1998 559 2059 Deo
580 1994 749 2082 premium
777 2015 811 2059 ee
835 1993 1048 2069 consecutus.

214 2101 287 2145 cum
302 2086 372 2158 eiua
391 2105 499 2148 recens
513 2083 545 2147 in
566 2100 598 2148 te
612 2102 739 2147 tantum
753 2084 942 2149 beneficium
958 2090 1051 2170 poffia

214 2167 417 2254 agnoscere.
442 2172 495 2236 Eo
518 2173 605 2237 enim
626 2177 757 2239 tunore
780 2217 792 2247 ,
816 2177 844 2241 a
872 2172 1053 2256 largitore,

213 2258 344 2343 Reges,
366 2264 396 2327 dr
410 2261 575 2347 Principes
597 2265 767 2326 nationum
783 2263 1024 2329 constituuntur
1040 2305 1055 2339 ,

214 2366 301 2430 quot
319 2361 385 2412 tam
408 2348 561 2433 praelato
577 2373 707 2416 munere
724 2353 919 2425 devinctos,
944 2356 982 2415 ad
1001 2376 1055 2414 re·

216 2435 381 2501 serendam
396 2438 469 2500 Deo
491 2439 629 2522 gratiam
646 2481 656 2511 ,
679 2443 709 2504 ἃ
724 2441 816 2503 illiue
832 2439 1054 2501 sanclilsrmam

217 2524 462 2612 propagandam
481 2526 576 2587 sidem
594 2567 606 2599 ,
630 2526 740 2588 omnis
755 2530 784 2589 Sa
796 2527 911 2585 diurna
926 2529 976 2596 ,ἃ
993 2545 1057 2585 no·

215 2617 328 2674 durna
347 2630 422 2677 cura
437 2610 536 2676 debet
552 2611 720 2676 excitare.
747 2610 812 2672 llac
833 2609 934 2692 igitur
958 2613 998 2671 de
1021 2626 1058 2674 ta

215 2698 297 2788 spe,
320 2698 520 2782 &opinione
534 2696 655 2761 imbuti
669 2741 680 2771 ‚
706 2697 829 2785 gratias
841 2695 969 2778 agimus
986 2698 1056 2780 pti·

216 2808 308 2851 mum
325 2789 425 2861 Deo,
447 2783 566 2849 deinde
582 2802 644 2849 tua
660 2785 819 2861 Maiestati
831 2783 1060 2869 gratulamur,

217 2876 307 2940 omni
332 2876 447 2938 affectu
464 2877 492 2940 t<
508 2892 618 2939 amore
645 2877 725 2940 hane
742 2875 937 2956 dignitatem
965 2891 1060 2938 tuam

218 2961 502 3046 completiones,
525 2983 621 3044 quam
649 2984 712 3027 non
744 2961 849 3027 solum
874 2979 1061 3049 optamus,

220 3048 277 3117 sed
297 3050 397 3115 etiam
413 3050 581 3135 speramus
605 3052 670 3115 toti
683 3052 868 3115 Christiana
885 3052 1062 3136 Reipubli-

218 3158 262 3202 σε
281 3139 348 3200 fore
363 3139 536 3205 salutarem
553 3160 566 3217 ‚·
591 3140 685 3205 nubis
697 3161 793 3208 vero,
810 3139 866 3223 qui
890 3157 922 3204 te
951 3143 982 3204 in
997 3160 1061 3204 no·

221 3225 294 3290 {lta
321 3225 503 3297 visceribus
526 3227 701 3292 eharitatis
731 3229 903 3313 gerimus,
927 3249 964 3293 ac
986 3225 1064 3292 Sedi

220 3313 442 3397 Apostolicae,
468 3334 538 3397 qnae
565 3316 596 3379 in
614 3335 646 3379 te
663 3315 733 3381 lilio
756 3317 814 3382 suo
833 3316 1065 3402 primogenito

221 3400 402 3484 acquiescit
418 3447 440 3486 ,U
451 3403 624 3479 jucundam
638 3403 737 3467 etiam
757 3410 805 3478 ,ἃ
827 3404 1036 3468 honorilitam
1052 3442 1063 3469 ο

222 3487 318 3553 Illud
334 3504 420 3550 certe
434 3491 582 3563 Maiestat
604 3511 633 3551 m
663 3506 752 3551 tuam
776 3511 836 3576 pro
861 3493 965 3554 nostra
982 3494 1065 3555 affe·

225 3578 333 3642 alione
347 3592 478 3658 paterna
491 3576 631 3639 breviter
647 3579 883 3641 admonendam
898 3598 1067 3664 putamur,

226 3682 269 3731 ut
282 3663 497 3734 confidentia
520 3659 627 3729 seeum
643 3664 838 3748 diligentius
857 3663 1064 3756 superiorum

322 3753 435 3822 Tomi
711 3753 741 3818 C
983 3768 1071 3833 terrr-¹
