2542 4350
284 442 359 531 xiv
442 438 632 553 Jncoar
671 437 952 523 Sanorart

283 559 351 647 sed
378 551 564 640 industria
593 553 716 637 etiam
758 556 801 638 8(
833 551 910 637 fide
937 547 1125 667 Principi

283 677 344 763 illi
361 673 541 759 maxime
559 672 799 758 satisfaceret
815 729 833 753 .
849 677 997 780 Itaque
1016 669 1130 785 apud

283 821 378 879 cum
395 791 645 876 authoritate
658 789 846 904 &gratia
860 790 1040 873 multum
1062 818 1133 874 va·

290 912 367 997 luit
399 941 411 995 t
443 915 482 1011 &
514 938 562 995 et·
590 938 631 996 re
662 910 854 997 facillime
874 933 1024 1018 augere
1056 907 1129 991 ho·

284 1028 480 1116 nestatem
511 1033 553 1115 8(
584 1029 798 1113 facultates
833 1023 922 1109 suas
948 1025 1086 1137 potuit
1115 1056 1128 1109 ε

284 1174 430 1234 verum
461 1146 590 1258 usque
625 1175 680 1230 eo
705 1147 755 1231 ab
785 1145 863 1229 hac
902 1140 1132 1254 cupiditate

288 1290 475 1351 remotus
511 1289 641 1376 atque
675 1264 893 1347 abhorrens
918 1259 1042 1368 suit,
1083 1283 1133 1345 ut

286 1379 308 1497 (
333 1381 445 1494 quod
487 1384 558 1467 vix
586 1380 778 1466 credibile
804 1378 937 1463 visum
975 1378 1024 1460 iri
1057 1407 1131 1492 pu·

286 1522 334 1585 to
356 1564 369 1608 ‚
404 1501 470 1584 his
486 1501 703 1615 prasertim
722 1497 1023 1613 temporibus&
1041 1525 1130 1578 mo·

285 1615 436 1728 ribus)
463 1620 721 1725 nullum-sibi
751 1644 933 1729 unquam
955 1612 1133 1698 sacerdo-

292 1738 401 1823 tium
429 1766 454 1821 a
485 1737 786 1844 liberalissimo,
826 1741 873 1823 &
896 1732 954 1820 sui
988 1759 1127 1816 aman·

289 1858 451 1942 sissimo
488 1856 677 1944 Pontifice
706 1858 874 1971 perierit
903 1885 919 1937 z
945 1881 1040 1936 cum
1070 1876 1133 1935 ta·

295 2003 396 2060 men
433 1977 576 2058 amicis
613 1975 694 2055 suis
729 1973 867 2081 probis
900 1968 1136 2080 idoneisque

290 2090 522 2175 hominibus
547 2147 567 2191 ,
590 2090 630 2169 8(
658 2084 915 2167 alienioribus
948 2085 1079 2166 etiam
1115 2151 1138 2199 ‚

291 2209 495 2319 permulta
520 2207 562 2285 &
590 2224 749 2314 peteret
775 2205 822 2287 8(
848 2202 1141 2312 impetraret,

287 2328 425 2408 Tanta
451 2319 560 2403 idem
577 2316 938 2423 abstinentiasuit,
965 2342 1014 2403 ut
1030 2351 1136 2411 cum

288 2466 363 2554 pro
390 2435 585 2546 loci'ejus
608 2463 735 2545 quem
761 2437 870 2554 apud
899 2438 1133 2553 Principem

287 2554 454 2643 tenebat
478 2554 946 2672 authoritate‚munera
962 2559 1002 2642 ei
1028 2562 1133 2647 mul·

289 2698 335 2761 ta
363 2679 406 2763 8(
435 2680 573 2790 ampla
601 2677 715 2763 mitti
733 2676 933 2785 solerent,
963 2705 1008 2761 ea
1028 2678 1135 2765 sem·

287 2819 368 2911 per
390 2796 615 2910 repudiarit
630 2854 648 2881 .
673 2802 770 2884 Hac
794 2799 864 2885 ille
880 2796 1132 2884 continentia

1069 2916 1140 3006 ita

290 3136 345 3197 pt·
363 3126 475 3179 nomine
489 3132 657 3182 summorum
671 3127 830 3183 l'outifftum
848 3101 945 3184 scobis
955 3134 991 3184 X.
1003 3133 1135 3187 cremea-

289 3205 334 3257 tis
344 3202 434 3256 vm&
449 3208 524 3258 l‘auli
536 3210 591 3257 lls.
605 3224 660 3273 quae
675 3209 789 3272 primum
800 3208 848 3259 boc
862 3212 983 3261 volumen
996 3213 1134 3265 nonnullis

291 3280 356 3335 aliis
372 3278 482 3340 adits'sit
499 3282 768 3335 conficiunt·Eatirt-
783 3287 980 3339 Miscebantur.
990 3304 1024 3339 ert
1035 3306 1132 3342 mana·
1171 3280 1173 3284 ⁵

292 3358 395 3425 scriptia
415 3359 497 3411 libris
517 3360 687 3411 bibliothece
709 3363 826 3428 collegii·
846 3365 964 3415 Romani
990 3366 1135 3420 societatis

294 3436 309 3499 J
316 3435 359 3488 esu
369 3439 455 3487 Tomo
468 3454 482 3490 1
508 3454 557 3489 aa·
571 3454 651 3501 1754.
665 3440 764 3507 publici
783 3437 851 3498 iuris
867 3441 930 3492 fecit
943 3442 984 3490 nir
993 3445 1030 3493 ci.
1039 3448 1135 3497 Petrus

297 3513 391 3565 Lucri
407 3509 519 3571 eiusdem
537 3515 706 3566 Bibliotheca
718 3515 872 3582 ptoesedluse
893 3534 948 3585 quo
961 3520 1067 3586 quidem
1079 3538 1133 3571 no·

300 3590 370 3642 uine
387 3588 530 3641 uouiffimo
541 3591 583 3641 illi
597 3593 678 3657 viro,
697 3591 723 3642 dt
741 3594 841 3660 publice
854 3611 913 3645 eum
929 3596 1049 3645 universa
1068 3597 1132 3645 lite·

301 3679 418 3727 totorum
431 3667 588 3742 republica,
605 3667 630 3720 ἃ
642 3672 747 3743 private
759 3671 904 3747 plurimum
915 3670 1107 3727 {medebam
1116 3707 1131 3734 .
