2542 4350
366 460 588 528 EPISTOLAE
613 462 897 533 pontificia.
1009 488 1052 546 9¹

206 549 382 624 fitoJesu
409 551 539 614 Christo
561 547 722 615 Salvatori
759 554 880 638 gratias
906 554 1058 640 agimus,

214 636 314 722 quod
325 640 420 704 rebus
435 637 551 701 nostris
564 639 689 723 optime
700 641 847 726 paratis,
876 630 955 703 hauc
970 645 1055 707 hosti

215 723 281 793 suo
295 723 419 800 inliciat
433 737 595 798 mentem,
618 721 801 793 Christiana
816 731 877 793 hoc
907 743 1074 814 tempore*

215 829 309 878 arma
323 811 518 884 lacessendi,
542 830 675 895 utquae
698 817 729 879 in
755 816 850 878 iilum
873 815 930 878 diu
948 816 1057 878 medi-

218 912 291 965 tata
301 942 313 972 ,
336 905 478 986 &prope
495 899 535 960 ad
557 903 651 963 finem
667 903 818 985 perducit
833 901 928 976 sunt,
952 904 1053 966 citius

217 990 250 1054 ἅ
264 988 395 1070 gravius
409 986 450 1047 ad
464 983 559 1051 iliius
571 988 744 1072 perniciem
762 1008 932 1073 erumpant
950 1031 960 1050 .
983 991 1056 1053 Ha·

220 1072 337 1137 bemus
364 1072 473 1144 enim,
499 1076 589 1154 quod
610 1089 700 1136 tuam
716 1074 936 1140 Nobilitatem
953 1076 1055 1139 nolu·

224 1180 300 1222 mur
323 1158 425 1221 latere
435 1199 447 1230 ,
470 1157 609 1223 duorum
624 1156 912 1246 potentiffimo‘rum
926 1166 1053 1245 Regum

218 1251 250 1313 ει
265 1242 584 1330 prostantiffimorum
599 1248 810 1334 Principum,
830 1250 941 1315 Caroli
960 1249 1055 1314 erecti

200 1397 204 1403 ,
218 1335 487 1400 Romanorum&
502 1333 716 1418 Hispanorum
728 1337 907 1411 Catholici,
919 1341 947 1402 a
960 1340 1068 1402 Fran-⁴

218 1417 297 1485 cisci
326 1421 522 1485 Francorum
548 1422 801 1488 Christianisfimi
836 1425 1055 1508 contiguarum

219 1506 1055 1680 2523,¹¹⁰t‘s32‘tt‘35tssatttitnt{5332ch

331 1637 342 1668 2

219 1680 334 1744 auimo
357 1684 388 1746 δι
404 1679 507 1765 copiis
521 1683 581 1744 effe
598 1694 753 1766 parator·
777 1682 893 1762 Itaque
917 1686 947 1747 ’ἃ
972 1702 1054 1744 coo.

218 1765 320 1847 juncti
345 1765 431 1830 inter
446 1765 478 1830 se
500 1762 628 1830 summa
650 1765 796 1829 amicitia
811 1765 914 1841 sunt,
936 1770 966 1830 Sc
992 1787 1057 1828 no·

222 1852 374 1920 hiscum.
398 1850 557 1936 Splendor
574 1855 663 1918 enim
677 1867 775 1916 tante
790 1853 927 1937 gioria,
950 1871 1057 1934 quan·

221 1955 294 2008 tam
314 1941 377 2003 hoc
392 1937 544 2026 preclaro
556 1940 645 2004 bello
664 1937 867 2003 consecuturi
888 1937 988 2012 sunt,
1013 1939 1058 2001 ad

221 2027 359 2094 iliorum
378 2041 507 2089 menter
530 2041 630 2110 atque
646 2026 764 2091 oculos
778 2027 895 2090 divino
922 2026 1056 2092 numine

221 2114 356 2181 oblatus
368 2113 415 2179 est
425 2157 435 2188 ,
459 2133 556 2197 quem
572 2114 766 2180 mirabiliter
779 2113 1052 2200 concupiverunt.

221 2204 292 2270 Nec
316 2222 396 2267 vero
409 2203 560 2268 defluunt
578 2223 701 2268 armare
724 2201 757 2268 se
775 2218 915 2287 uterque
934 2248 945 2277 ,
980 2224 1057 2267 cum

222 2288 309 2356 aiter
322 2289 584 2355 instructiffimam
605 2290 746 2364 ciass'em,
763 2292 848 2356 aiter
866 2292 1056 2375 equitatum

223 2383 289 2457 jam
306 2380 422 2443 habeat
436 2379 694 2443 omatiffimum.
715 2380 798 2444 Nam
818 2379 967 2464 peditum
982 2378 1057 2440 for·

224 2464 415 2530 tissimorum
430 2465 573 2529 virorum
587 2466 699 2549 ingene
712 2467 804 2549 copia
814 2466 929 2550 prosto
943 2465 1056 2533 futura

224 2553 271 2617 est
282 2596 293 2615 .
306 2553 368 2616 Sed
380 2554 403 2616 fr
417 2552 529 2634 aliqua
541 2553 640 2614 eriam
659 2551 907 2635 restantagenda
921 2554 949 2613 a
964 2568 1059 2611 amo·

229 2639 341 2703 tiendo
360 2682 371 2712 ,
395 2659 464 2721 qure
477 2640 540 2699 hoc
557 2654 575 2697 a
590 2633 686 2699 nobis
700 2634 823 2721 semper
835 2635 1057 2708 defideratum

224 2726 450 2794 sannionum
465 2721 587 2785 bellum
603 2722 709 2784 adhuc
721 2721 894 2785 videantur
904 2719 1034 2782 tardare
1043 2762 1058 2796 ,

226 2814 271 2879 iia
285 2810 379 2874 simui
396 2825 495 2894 atque
511 2807 611 2873 hostis
625 2807 779 2875 bellicum
797 2807 968 2882 cecinerit,
980 2827 1059 2894 prae.

227 2899 378 2985 cipitcrir
393 2905 421 2965 Sc
435 2895 591 2974 aunon,
614 2896 771 2962 contiuuo
784 2895 957 2962 Christiani
983 2914 1057 2958 rua.

227 2987 313 3055 ximi
336 2986 511 3058 exercitur,
525 2986 794 3069 eodemtignoad
812 2983 934 3047 beilum
948 2981 1058 3046 accirr.
1170 2994 1182 3012 ·

230 3093 369 3163 guntur.
395 3082 481 3160 Agat
495 3071 553 3137 ille
578 3072 701 3145 modo,
725 3078 753 3139 St
774 3071 909 3157 impiam
928 3068 1055 3140 suam,

228 3165 450 3250 cupiditatem
474 3159 715 3246 prosequatur3
738 3160 919 3240 maximum
943 3156 1057 3242 profe.

233 3250 285 3312 oo
312 3253 408 3315 nobis
435 3249 528 3312 dabit
547 3248 734 3313 beneficium
756 3292 769 3323 ,
794 3248 873 3319 doru
893 3268 932 3312 co
957 3241 1060 3306 itabi't

232 3335 354 3400 afficere
369 3336 507 3417 injuria.
532 3338 598 3401 Nec
612 3357 688 3399 vero
701 3356 760 3399 uos
774 3334 916 3397 defuturi
932 3269 1058 3402 iunius,

233 3440 298 3485 non
325 3422 519 3487 aumoritate
540 3466 551 3496 ‚
573 3443 638 3487 non
659 3422 779 3508 opibus
805 3467 818 3495 ,
840 3441 904 3484 noo
925 3414 1058 3506 propria

234 3506 368 3594 persona
385 3512 512 3582 nostra,
536 3529 599 3573 uon
614 3507 789 3591 sanguiue.
813 3509 887 3569 Nou
901 3508 983 3570 enim
1000 3521 1058 3565 nec

233 3615 299 3686 qua
319 3596 352 3662 iu
370 3614 405 3665 re
435 3594 591 3665 libentius
607 3595 821 3671 laboremus,
839 3612 898 3659 occ
921 3592 977 3657 ubi
1005 3586 1060 3648 vi·

581 3708 585 3716 ·
968 3692 1062 3747 tim·
