<?xml version="1.0" encoding="UTF-8"?>
<!DOCTYPE html PUBLIC "-//W3C//DTD XHTML 1.0 Transitional//EN"
    "http://www.w3.org/TR/xhtml1/DTD/xhtml1-transitional.dtd">
<html xmlns="http://www.w3.org/1999/xhtml" xml:lang="en" lang="en">
 <head>
  <title>
</title>
<meta http-equiv="Content-Type" content="text/html;charset=utf-8" />
  <meta name='ocr-system' content='tesseract 3.04.00' />
  <meta name='ocr-capabilities' content='ocr_page ocr_carea ocr_par ocr_line ocrx_word'/>
</head>
<body>
  <div class='ocr_page' id='page_1' title='image "./jacobisadoletie00florgoog_0465.png"; bbox 0 0 2542 4350; ppageno 0'>
   <div class='ocr_carea' id='block_1_1' title="bbox 211 463 1080 910">
    <p class='ocr_par' dir='ltr' id='par_1_1' title="bbox 211 463 1080 910">
     <span class='ocr_line' id='line_1_1' title="bbox 211 463 1080 537; baseline 0.003 -4"><span class='ocrx_word' id='word_1_1' title='bbox 211 475 256 533; x_wconf 67' lang='lat' dir='ltr'>a!</span> <span class='ocrx_word' id='word_1_2' title='bbox 430 463 629 531; x_wconf 64' lang='lat' dir='ltr'>eunoun</span> <span class='ocrx_word' id='word_1_3' title='bbox 649 463 948 537; x_wconf 74' lang='lat' dir='ltr'>FLOREBELLI</span> <span class='ocrx_word' id='word_1_4' title='bbox 1077 502 1080 525; x_wconf 84' lang='lat'>=</span> 
     </span>
     <span class='ocr_line' id='line_1_2' title="bbox 213 552 1048 643; baseline 0.01 -28"><span class='ocrx_word' id='word_1_5' title='bbox 213 553 300 638; x_wconf 82' lang='lat' dir='ltr'>qui.</span> <span class='ocrx_word' id='word_1_6' title='bbox 325 552 396 616; x_wconf 81' lang='lat' dir='ltr'>Hoc</span> <span class='ocrx_word' id='word_1_7' title='bbox 418 552 539 617; x_wconf 81' lang='lat' dir='ltr'>meliuu</span> <span class='ocrx_word' id='word_1_8' title='bbox 565 553 638 627; x_wconf 78' lang='lat' dir='ltr'>eli,</span> <span class='ocrx_word' id='word_1_9' title='bbox 662 572 702 617; x_wconf 84' lang='lat' dir='ltr'>ac</span> <span class='ocrx_word' id='word_1_10' title='bbox 727 578 815 620; x_wconf 81' lang='lat' dir='ltr'>meae</span> <span class='ocrx_word' id='word_1_11' title='bbox 832 561 974 643; x_wconf 89' lang='lat' dir='ltr'>quidem</span> <span class='ocrx_word' id='word_1_12' title='bbox 989 575 1048 623; x_wconf 75' lang='lat' dir='ltr'>certe</span> 
     </span>
     <span class='ocr_line' id='line_1_3' title="bbox 213 641 1050 712; baseline 0.004 -5"><span class='ocrx_word' id='word_1_13' title='bbox 213 641 308 707; x_wconf 85' lang='lat' dir='ltr'>laudi</span> <span class='ocrx_word' id='word_1_14' title='bbox 328 642 635 707; x_wconf 73' lang='lat' dir='ltr'>accommodatiur.</span> <span class='ocrx_word' id='word_1_15' title='bbox 661 643 734 708; x_wconf 82' lang='lat' dir='ltr'>Cur</span> <span class='ocrx_word' id='word_1_16' title='bbox 760 647 860 711; x_wconf 87' lang='lat' dir='ltr'>enim</span> <span class='ocrx_word' id='word_1_17' title='bbox 886 647 981 712; x_wconf 88' lang='lat' dir='ltr'>facile</span> <span class='ocrx_word' id='word_1_18' title='bbox 1002 669 1050 710; x_wconf 86' lang='lat' dir='ltr'>crr-</span> 
     </span>
     <span class='ocr_line' id='line_1_4' title="bbox 216 727 1053 822; baseline 0.006 -29"><span class='ocrx_word' id='word_1_19' title='bbox 216 731 293 793; x_wconf 84' lang='lat' dir='ltr'>dam</span> <span class='ocrx_word' id='word_1_20' title='bbox 306 770 318 802; x_wconf 88' lang='lat'>,</span> <span class='ocrx_word' id='word_1_21' title='bbox 332 743 365 793; x_wconf 89' lang='lat' dir='ltr'>te</span> <span class='ocrx_word' id='word_1_22' title='bbox 377 727 447 793; x_wconf 80' lang='lat' dir='ltr'>falli</span> <span class='ocrx_word' id='word_1_23' title='bbox 460 731 547 816; x_wconf 86' lang='lat' dir='ltr'>polie</span> <span class='ocrx_word' id='word_1_24' title='bbox 559 729 681 796; x_wconf 87' lang='lat' dir='ltr'>summi</span> <span class='ocrx_word' id='word_1_25' title='bbox 696 729 835 816; x_wconf 85' lang='lat' dir='ltr'>ingenii</span> <span class='ocrx_word' id='word_1_26' title='bbox 849 750 974 819; x_wconf 88' lang='lat' dir='ltr'>,atque</span> <span class='ocrx_word' id='word_1_27' title='bbox 986 737 1053 822; x_wconf 87' lang='lat' dir='ltr'>opti·</span> 
     </span>
     <span class='ocr_line' id='line_1_5' title="bbox 216 816 1054 910; baseline 0.005 -27"><span class='ocrx_word' id='word_1_28' title='bbox 216 820 266 883; x_wconf 81' lang='lat' dir='ltr'>ani</span> <span class='ocrx_word' id='word_1_29' title='bbox 280 816 395 897; x_wconf 79' lang='lat' dir='ltr'>judicli</span> <span class='ocrx_word' id='word_1_30' title='bbox 409 823 558 895; x_wconf 75' lang='lat' dir='ltr'>iuvenem</span> <span class='ocrx_word' id='word_1_31' title='bbox 573 821 626 893; x_wconf 89' lang='lat' dir='ltr'>,in</span> <span class='ocrx_word' id='word_1_32' title='bbox 644 838 680 883; x_wconf 88' lang='lat' dir='ltr'>ea</span> <span class='ocrx_word' id='word_1_33' title='bbox 692 823 872 910; x_wconf 71' lang='lat' dir='ltr'>precipue</span> <span class='ocrx_word' id='word_1_34' title='bbox 900 846 936 888; x_wconf 89' lang='lat' dir='ltr'>re</span> <span class='ocrx_word' id='word_1_35' title='bbox 945 870 960 903; x_wconf 91' lang='lat'>,</span> <span class='ocrx_word' id='word_1_36' title='bbox 979 843 1054 905; x_wconf 86' lang='lat' dir='ltr'>quau</span> 
     </span>
    </p>
   </div>
   <div class='ocr_carea' id='block_1_2' title="bbox 218 903 1101 3723">
    <p class='ocr_par' dir='ltr' id='par_1_2' title="bbox 218 903 1101 3723">
     <span class='ocr_line' id='line_1_6' title="bbox 218 903 1055 1001; baseline 0.007 -31"><span class='ocrx_word' id='word_1_37' title='bbox 218 903 347 992; x_wconf 68' lang='lat' dir='ltr'>egregii</span> <span class='ocrx_word' id='word_1_38' title='bbox 366 907 490 983; x_wconf 75' lang='lat' dir='ltr'>callet,</span> <span class='ocrx_word' id='word_1_39' title='bbox 512 910 542 975; x_wconf 72' lang='lat' dir='ltr'>a</span> <span class='ocrx_word' id='word_1_40' title='bbox 564 909 599 974; x_wconf 90' lang='lat' dir='ltr'>iu</span> <span class='ocrx_word' id='word_1_41' title='bbox 621 924 687 992; x_wconf 90' lang='lat' dir='ltr'>qua</span> <span class='ocrx_word' id='word_1_42' title='bbox 716 923 863 976; x_wconf 87' lang='lat' dir='ltr'>tantum</span> <span class='ocrx_word' id='word_1_43' title='bbox 892 913 1055 1001; x_wconf 78' lang='lat' dir='ltr'>profecisti,</span> 
     </span>
     <span class='ocr_line' id='line_1_7' title="bbox 218 993 1056 1082; baseline 0.008 -25"><span class='ocrx_word' id='word_1_44' title='bbox 218 1008 259 1058; x_wconf 86' lang='lat' dir='ltr'>ut</span> <span class='ocrx_word' id='word_1_45' title='bbox 279 993 372 1057; x_wconf 76' lang='lat' dir='ltr'>inim</span> <span class='ocrx_word' id='word_1_46' title='bbox 389 997 497 1061; x_wconf 71' lang='lat' dir='ltr'>etatis</span> <span class='ocrx_word' id='word_1_47' title='bbox 512 1015 622 1082; x_wconf 86' lang='lat' dir='ltr'>parem</span> <span class='ocrx_word' id='word_1_48' title='bbox 643 995 767 1061; x_wconf 76' lang='lat' dir='ltr'>habeas</span> <span class='ocrx_word' id='word_1_49' title='bbox 788 1001 1056 1073; x_wconf 66' lang='lat' dir='ltr'>neminemna-</span> 
     </span>
     <span class='ocr_line' id='line_1_8' title="bbox 218 1082 1054 1176; baseline 0.005 -30"><span class='ocrx_word' id='word_1_50' title='bbox 218 1088 307 1162; x_wconf 81' lang='lat' dir='ltr'>joreu</span> <span class='ocrx_word' id='word_1_51' title='bbox 323 1097 456 1158; x_wconf 86' lang='lat' dir='ltr'>autem,</span> <span class='ocrx_word' id='word_1_52' title='bbox 480 1082 691 1156; x_wconf 81' lang='lat' dir='ltr'>autnullor,</span> <span class='ocrx_word' id='word_1_53' title='bbox 715 1099 780 1148; x_wconf 92' lang='lat' dir='ltr'>aut</span> <span class='ocrx_word' id='word_1_54' title='bbox 806 1101 907 1153; x_wconf 90' lang='lat' dir='ltr'>certe</span> <span class='ocrx_word' id='word_1_55' title='bbox 925 1107 1054 1176; x_wconf 79' lang='lat' dir='ltr'>paucos:</span> 
     </span>
     <span class='ocr_line' id='line_1_9' title="bbox 219 1168 1055 1262; baseline 0.004 -26"><span class='ocrx_word' id='word_1_56' title='bbox 219 1190 295 1236; x_wconf 80' lang='lat' dir='ltr'>nam</span> <span class='ocrx_word' id='word_1_57' title='bbox 319 1186 357 1234; x_wconf 92' lang='lat' dir='ltr'>ut</span> <span class='ocrx_word' id='word_1_58' title='bbox 374 1175 507 1239; x_wconf 87' lang='lat' dir='ltr'>mentiri</span> <span class='ocrx_word' id='word_1_59' title='bbox 526 1194 597 1241; x_wconf 88' lang='lat' dir='ltr'>mea</span> <span class='ocrx_word' id='word_1_60' title='bbox 611 1168 709 1236; x_wconf 85' lang='lat' dir='ltr'>causa</span> <span class='ocrx_word' id='word_1_61' title='bbox 726 1174 914 1249; x_wconf 76' lang='lat' dir='ltr'>volueris,</span> <span class='ocrx_word' id='word_1_62' title='bbox 941 1199 1005 1262; x_wconf 86' lang='lat' dir='ltr'>quo</span> <span class='ocrx_word' id='word_1_63' title='bbox 1018 1197 1055 1239; x_wconf 80' lang='lat' dir='ltr'>me</span> 
     </span>
     <span class='ocr_line' id='line_1_10' title="bbox 220 1258 1056 1345; baseline 0.008 -23"><span class='ocrx_word' id='word_1_64' title='bbox 220 1258 265 1322; x_wconf 83' lang='lat' dir='ltr'>ad</span> <span class='ocrx_word' id='word_1_65' title='bbox 288 1258 416 1345; x_wconf 86' lang='lat' dir='ltr'>aliquid</span> <span class='ocrx_word' id='word_1_66' title='bbox 441 1268 548 1341; x_wconf 77' lang='lat' dir='ltr'>major</span> <span class='ocrx_word' id='word_1_67' title='bbox 568 1259 766 1326; x_wconf 83' lang='lat' dir='ltr'>tentandum</span> <span class='ocrx_word' id='word_1_68' title='bbox 782 1265 979 1342; x_wconf 74' lang='lat' dir='ltr'>excitares,</span> <span class='ocrx_word' id='word_1_69' title='bbox 995 1264 1056 1331; x_wconf 85' lang='lat' dir='ltr'>uul-</span> 
     </span>
     <span class='ocr_line' id='line_1_11' title="bbox 221 1348 1094 1440; baseline 0.005 -31"><span class='ocrx_word' id='word_1_70' title='bbox 221 1348 259 1409; x_wconf 90' lang='lat' dir='ltr'>lo</span> <span class='ocrx_word' id='word_1_71' title='bbox 283 1351 384 1412; x_wconf 88' lang='lat' dir='ltr'>modo</span> <span class='ocrx_word' id='word_1_72' title='bbox 410 1351 528 1415; x_wconf 86' lang='lat' dir='ltr'>adduci</span> <span class='ocrx_word' id='word_1_73' title='bbox 551 1351 700 1436; x_wconf 74' lang='lat' dir='ltr'>polium,</span> <span class='ocrx_word' id='word_1_74' title='bbox 724 1362 765 1410; x_wconf 93' lang='lat' dir='ltr'>ut</span> <span class='ocrx_word' id='word_1_75' title='bbox 788 1353 953 1418; x_wconf 86' lang='lat' dir='ltr'>credam.</span> <span class='ocrx_word' id='word_1_76' title='bbox 978 1351 1055 1440; x_wconf 76' lang='lat' dir='ltr'>Qit</span> <span class='ocrx_word' id='word_1_77' title='bbox 1091 1350 1094 1355; x_wconf 82' lang='lat'>&#39;</span> 
     </span>
     <span class='ocr_line' id='line_1_12' title="bbox 221 1435 1053 1527; baseline 0.004 -28"><span class='ocrx_word' id='word_1_78' title='bbox 221 1435 310 1499; x_wconf 83' lang='lat' dir='ltr'>euim</span> <span class='ocrx_word' id='word_1_79' title='bbox 332 1456 351 1499; x_wconf 90' lang='lat' dir='ltr'>a</span> <span class='ocrx_word' id='word_1_80' title='bbox 375 1457 427 1501; x_wconf 88' lang='lat' dir='ltr'>me</span> <span class='ocrx_word' id='word_1_81' title='bbox 450 1439 610 1525; x_wconf 64' lang='lat' dir='ltr'>expectari</span> <span class='ocrx_word' id='word_1_82' title='bbox 633 1437 767 1521; x_wconf 82' lang='lat' dir='ltr'>grauius</span> <span class='ocrx_word' id='word_1_83' title='bbox 791 1441 909 1527; x_wconf 74' lang='lat' dir='ltr'>potest</span> <span class='ocrx_word' id='word_1_84' title='bbox 936 1486 947 1516; x_wconf 90' lang='lat'>,</span> <span class='ocrx_word' id='word_1_85' title='bbox 972 1461 1053 1526; x_wconf 89' lang='lat' dir='ltr'>quen</span> 
     </span>
     <span class='ocr_line' id='line_1_13' title="bbox 221 1523 1056 1615; baseline 0.011 -29"><span class='ocrx_word' id='word_1_86' title='bbox 221 1544 285 1610; x_wconf 87' lang='lat' dir='ltr'>pro</span> <span class='ocrx_word' id='word_1_87' title='bbox 308 1523 431 1610; x_wconf 79' lang='lat' dir='ltr'>ingenii</span> <span class='ocrx_word' id='word_1_88' title='bbox 446 1531 510 1592; x_wconf 90' lang='lat' dir='ltr'>mei</span> <span class='ocrx_word' id='word_1_89' title='bbox 522 1525 735 1600; x_wconf 80' lang='lat' dir='ltr'>infirmitate,</span> <span class='ocrx_word' id='word_1_90' title='bbox 758 1530 790 1594; x_wconf 75' lang='lat' dir='ltr'>Se</span> <span class='ocrx_word' id='word_1_91' title='bbox 812 1543 956 1613; x_wconf 90' lang='lat' dir='ltr'>propter</span> <span class='ocrx_word' id='word_1_92' title='bbox 969 1548 1056 1615; x_wconf 75' lang='lat' dir='ltr'>nego·</span> 
     </span>
     <span class='ocr_line' id='line_1_14' title="bbox 221 1613 1055 1702; baseline 0.001 -25"><span class='ocrx_word' id='word_1_93' title='bbox 221 1613 347 1677; x_wconf 83' lang='lat' dir='ltr'>tiorum</span> <span class='ocrx_word' id='word_1_94' title='bbox 362 1615 574 1685; x_wconf 73' lang='lat' dir='ltr'>familiarium</span> <span class='ocrx_word' id='word_1_95' title='bbox 589 1614 823 1698; x_wconf 73' lang='lat' dir='ltr'>occupationes</span> <span class='ocrx_word' id='word_1_96' title='bbox 836 1659 849 1688; x_wconf 95' lang='lat'>,</span> <span class='ocrx_word' id='word_1_97' title='bbox 864 1619 935 1680; x_wconf 78' lang='lat' dir='ltr'>hac</span> <span class='ocrx_word' id='word_1_98' title='bbox 948 1637 1055 1702; x_wconf 85' lang='lat' dir='ltr'>quam·</span> 
     </span>
     <span class='ocr_line' id='line_1_15' title="bbox 221 1699 1068 1790; baseline 0.002 -26"><span class='ocrx_word' id='word_1_99' title='bbox 221 1699 276 1764; x_wconf 77' lang='lat' dir='ltr'>vir</span> <span class='ocrx_word' id='word_1_100' title='bbox 296 1720 415 1785; x_wconf 88' lang='lat' dir='ltr'>parva,</span> <span class='ocrx_word' id='word_1_101' title='bbox 438 1704 592 1770; x_wconf 73' lang='lat' dir='ltr'>&amp;tenuia</span> <span class='ocrx_word' id='word_1_102' title='bbox 606 1703 753 1789; x_wconf 76' lang='lat' dir='ltr'>prallare</span> <span class='ocrx_word' id='word_1_103' title='bbox 769 1705 933 1790; x_wconf 82' lang='lat' dir='ltr'>potuilie,</span> <span class='ocrx_word' id='word_1_104' title='bbox 949 1709 1068 1770; x_wconf 88' lang='lat' dir='ltr'>mirum·</span> 
     </span>
     <span class='ocr_line' id='line_1_16' title="bbox 222 1788 1058 1876; baseline -0.001 -22"><span class='ocrx_word' id='word_1_105' title='bbox 222 1788 292 1854; x_wconf 77' lang='lat' dir='ltr'>eli.</span> <span class='ocrx_word' id='word_1_106' title='bbox 314 1792 384 1854; x_wconf 78' lang='lat' dir='ltr'>Aut</span> <span class='ocrx_word' id='word_1_107' title='bbox 397 1793 479 1875; x_wconf 86' lang='lat' dir='ltr'>quid</span> <span class='ocrx_word' id='word_1_108' title='bbox 492 1793 600 1858; x_wconf 80' lang='lat' dir='ltr'>minut</span> <span class='ocrx_word' id='word_1_109' title='bbox 614 1791 717 1855; x_wconf 78' lang='lat' dir='ltr'>abhis</span> <span class='ocrx_word' id='word_1_110' title='bbox 731 1834 744 1864; x_wconf 91' lang='lat'>,</span> <span class='ocrx_word' id='word_1_111' title='bbox 767 1793 826 1876; x_wconf 91' lang='lat' dir='ltr'>qui</span> <span class='ocrx_word' id='word_1_112' title='bbox 844 1806 882 1856; x_wconf 87' lang='lat' dir='ltr'>te</span> <span class='ocrx_word' id='word_1_113' title='bbox 893 1806 1058 1865; x_wconf 84' lang='lat' dir='ltr'>noverunt,</span> 
     </span>
     <span class='ocr_line' id='line_1_17' title="bbox 223 1873 1056 1967; baseline 0.005 -27"><span class='ocrx_word' id='word_1_114' title='bbox 223 1894 242 1940; x_wconf 89' lang='lat' dir='ltr'>a</span> <span class='ocrx_word' id='word_1_115' title='bbox 259 1873 292 1942; x_wconf 81' lang='lat' dir='ltr'>ie</span> <span class='ocrx_word' id='word_1_116' title='bbox 304 1877 390 1945; x_wconf 90' lang='lat' dir='ltr'>oriri</span> <span class='ocrx_word' id='word_1_117' title='bbox 406 1883 493 1967; x_wconf 80' lang='lat' dir='ltr'>polle</span> <span class='ocrx_word' id='word_1_118' title='bbox 513 1879 766 1947; x_wconf 82' lang='lat' dir='ltr'>existimandum</span> <span class='ocrx_word' id='word_1_119' title='bbox 788 1900 798 1943; x_wconf 73' lang='grc' dir='ltr'>ι</span> <span class='ocrx_word' id='word_1_120' title='bbox 824 1881 915 1962; x_wconf 89' lang='lat' dir='ltr'>qui,</span> <span class='ocrx_word' id='word_1_121' title='bbox 939 1904 1009 1966; x_wconf 89' lang='lat' dir='ltr'>quo</span> <span class='ocrx_word' id='word_1_122' title='bbox 1030 1900 1056 1944; x_wconf 82' lang='lat' dir='ltr'>er</span> 
     </span>
     <span class='ocr_line' id='line_1_18' title="bbox 222 1965 1059 2055; baseline 0.005 -29"><span class='ocrx_word' id='word_1_123' title='bbox 222 1965 374 2051; x_wconf 82' lang='lat' dir='ltr'>pudore,</span> <span class='ocrx_word' id='word_1_124' title='bbox 395 1973 425 2036; x_wconf 71' lang='lat' dir='ltr'>n</span> <span class='ocrx_word' id='word_1_125' title='bbox 442 1989 571 2033; x_wconf 88' lang='lat' dir='ltr'>morum</span> <span class='ocrx_word' id='word_1_126' title='bbox 588 1968 777 2055; x_wconf 78' lang='lat' dir='ltr'>probitate,</span> <span class='ocrx_word' id='word_1_127' title='bbox 788 1988 829 2031; x_wconf 91' lang='lat' dir='ltr'>ue</span> <span class='ocrx_word' id='word_1_128' title='bbox 843 1966 977 2034; x_wconf 88' lang='lat' dir='ltr'>summa</span> <span class='ocrx_word' id='word_1_129' title='bbox 992 1969 1059 2054; x_wconf 91' lang='lat' dir='ltr'>qui·</span> 
     </span>
     <span class='ocr_line' id='line_1_19' title="bbox 222 2055 1101 2145; baseline 0.006 -29"><span class='ocrx_word' id='word_1_130' title='bbox 222 2055 300 2117; x_wconf 86' lang='lat' dir='ltr'>dem</span> <span class='ocrx_word' id='word_1_131' title='bbox 323 2057 471 2122; x_wconf 83' lang='lat' dir='ltr'>utilitate</span> <span class='ocrx_word' id='word_1_132' title='bbox 484 2060 672 2145; x_wconf 78' lang='lat' dir='ltr'>propolita,</span> <span class='ocrx_word' id='word_1_133' title='bbox 694 2075 804 2118; x_wconf 81' lang='lat' dir='ltr'>auero</span> <span class='ocrx_word' id='word_1_134' title='bbox 823 2057 1000 2123; x_wconf 88' lang='lat' dir='ltr'>tantulum</span> <span class='ocrx_word' id='word_1_135' title='bbox 1011 2059 1059 2121; x_wconf 87' lang='lat' dir='ltr'>de·</span> <span class='ocrx_word' id='word_1_136' title='bbox 1100 2061 1101 2066; x_wconf 75' lang='grc'>’</span> 
     </span>
     <span class='ocr_line' id='line_1_20' title="bbox 223 2141 1060 2235; baseline 0.001 -26"><span class='ocrx_word' id='word_1_137' title='bbox 223 2141 353 2209; x_wconf 72' lang='lat' dir='ltr'>uetuere</span> <span class='ocrx_word' id='word_1_138' title='bbox 365 2149 459 2232; x_wconf 79' lang='lat' dir='ltr'>poffiu</span> <span class='ocrx_word' id='word_1_139' title='bbox 479 2189 489 2212; x_wconf 89' lang='lat'>.</span> <span class='ocrx_word' id='word_1_140' title='bbox 512 2144 682 2230; x_wconf 69' lang='lat' dir='ltr'>sicigitur</span> <span class='ocrx_word' id='word_1_141' title='bbox 703 2144 819 2208; x_wconf 71' lang='lat' dir='ltr'>ficiam</span> <span class='ocrx_word' id='word_1_142' title='bbox 832 2160 957 2231; x_wconf 89' lang='lat' dir='ltr'>,teque</span> <span class='ocrx_word' id='word_1_143' title='bbox 974 2145 1060 2235; x_wconf 87' lang='lat' dir='ltr'>opri-</span> 
     </span>
     <span class='ocr_line' id='line_1_21' title="bbox 223 2231 1060 2318; baseline 0.004 -24"><span class='ocrx_word' id='word_1_144' title='bbox 223 2248 279 2294; x_wconf 82' lang='lat' dir='ltr'>ma</span> <span class='ocrx_word' id='word_1_145' title='bbox 294 2231 358 2296; x_wconf 83' lang='lat' dir='ltr'>fide</span> <span class='ocrx_word' id='word_1_146' title='bbox 370 2254 497 2298; x_wconf 85' lang='lat' dir='ltr'>mecum</span> <span class='ocrx_word' id='word_1_147' title='bbox 512 2235 606 2318; x_wconf 81' lang='lat' dir='ltr'>egille</span> <span class='ocrx_word' id='word_1_148' title='bbox 619 2231 840 2307; x_wconf 78' lang='lat' dir='ltr'>existimabo,</span> <span class='ocrx_word' id='word_1_149' title='bbox 865 2253 907 2299; x_wconf 91' lang='lat' dir='ltr'>ac</span> <span class='ocrx_word' id='word_1_150' title='bbox 928 2257 997 2301; x_wconf 90' lang='lat' dir='ltr'>non</span> <span class='ocrx_word' id='word_1_151' title='bbox 1011 2236 1060 2302; x_wconf 86' lang='lat' dir='ltr'>so·</span> 
     </span>
     <span class='ocr_line' id='line_1_22' title="bbox 222 2316 1062 2406; baseline -0.001 -26"><span class='ocrx_word' id='word_1_152' title='bbox 222 2316 296 2381; x_wconf 76' lang='lat' dir='ltr'>ium</span> <span class='ocrx_word' id='word_1_153' title='bbox 322 2317 404 2382; x_wconf 85' lang='lat' dir='ltr'>mini</span> <span class='ocrx_word' id='word_1_154' title='bbox 422 2320 481 2406; x_wconf 83' lang='lat' dir='ltr'>ipfi</span> <span class='ocrx_word' id='word_1_155' title='bbox 497 2318 722 2405; x_wconf 79' lang='lat' dir='ltr'>persuadebo,</span> <span class='ocrx_word' id='word_1_156' title='bbox 747 2320 793 2380; x_wconf 86' lang='lat' dir='ltr'>ita</span> <span class='ocrx_word' id='word_1_157' title='bbox 819 2320 909 2398; x_wconf 84' lang='lat' dir='ltr'>elle,</span> <span class='ocrx_word' id='word_1_158' title='bbox 933 2338 973 2388; x_wconf 88' lang='lat' dir='ltr'>ut</span> <span class='ocrx_word' id='word_1_159' title='bbox 988 2321 1062 2389; x_wconf 82' lang='lat' dir='ltr'>scri.</span> 
     </span>
     <span class='ocr_line' id='line_1_23' title="bbox 222 2405 1062 2494; baseline 0.007 -25"><span class='ocrx_word' id='word_1_160' title='bbox 222 2405 301 2479; x_wconf 76' lang='lat' dir='ltr'>bit,</span> <span class='ocrx_word' id='word_1_161' title='bbox 324 2405 415 2489; x_wconf 90' lang='lat' dir='ltr'>quod</span> <span class='ocrx_word' id='word_1_162' title='bbox 441 2406 571 2491; x_wconf 89' lang='lat' dir='ltr'>aliquid</span> <span class='ocrx_word' id='word_1_163' title='bbox 585 2407 659 2494; x_wconf 85' lang='lat' dir='ltr'>opis</span> <span class='ocrx_word' id='word_1_164' title='bbox 681 2448 693 2478; x_wconf 88' lang='lat'>,</span> <span class='ocrx_word' id='word_1_165' title='bbox 716 2406 947 2493; x_wconf 85' lang='lat' dir='ltr'>utilitatisque</span> <span class='ocrx_word' id='word_1_166' title='bbox 971 2410 1062 2477; x_wconf 90' lang='lat' dir='ltr'>librir</span> 
     </span>
     <span class='ocr_line' id='line_1_24' title="bbox 221 2492 1063 2574; baseline -0.007 -12"><span class='ocrx_word' id='word_1_167' title='bbox 221 2492 276 2562; x_wconf 67' lang='lat' dir='ltr'>H·</span> <span class='ocrx_word' id='word_1_168' title='bbox 286 2494 395 2565; x_wconf 80' lang='lat' dir='ltr'>Tullii</span> <span class='ocrx_word' id='word_1_169' title='bbox 414 2495 614 2574; x_wconf 86' lang='lat' dir='ltr'>attulerim,</span> <span class='ocrx_word' id='word_1_170' title='bbox 638 2494 806 2561; x_wconf 84' lang='lat' dir='ltr'>sedetiam</span> <span class='ocrx_word' id='word_1_171' title='bbox 832 2500 979 2572; x_wconf 81' lang='lat' dir='ltr'>ceteris,</span> <span class='ocrx_word' id='word_1_172' title='bbox 1005 2503 1063 2561; x_wconf 87' lang='lat' dir='ltr'>hu.</span> 
     </span>
     <span class='ocr_line' id='line_1_25' title="bbox 221 2582 1065 2674; baseline 0.004 -25"><span class='ocrx_word' id='word_1_173' title='bbox 221 2585 277 2663; x_wconf 74' lang='lat' dir='ltr'>iun</span> <span class='ocrx_word' id='word_1_174' title='bbox 288 2583 431 2674; x_wconf 73' lang='lat' dir='ltr'>epistola</span> <span class='ocrx_word' id='word_1_175' title='bbox 454 2602 519 2651; x_wconf 76' lang='lat' dir='ltr'>tua</span> <span class='ocrx_word' id='word_1_176' title='bbox 532 2582 721 2651; x_wconf 84' lang='lat' dir='ltr'>testimonio</span> <span class='ocrx_word' id='word_1_177' title='bbox 738 2628 749 2658; x_wconf 90' lang='lat'>,</span> <span class='ocrx_word' id='word_1_178' title='bbox 773 2603 838 2667; x_wconf 85' lang='lat' dir='ltr'>qua</span> <span class='ocrx_word' id='word_1_179' title='bbox 855 2584 896 2647; x_wconf 89' lang='lat' dir='ltr'>de</span> <span class='ocrx_word' id='word_1_180' title='bbox 911 2608 990 2651; x_wconf 87' lang='lat' dir='ltr'>meo</span> <span class='ocrx_word' id='word_1_181' title='bbox 1004 2587 1065 2652; x_wconf 90' lang='lat' dir='ltr'>illo</span> 
     </span>
     <span class='ocr_line' id='line_1_26' title="bbox 222 2670 1064 2764; baseline -0.004 -21"><span class='ocrx_word' id='word_1_182' title='bbox 222 2673 338 2743; x_wconf 71' lang='lat' dir='ltr'>studio</span> <span class='ocrx_word' id='word_1_183' title='bbox 363 2674 554 2764; x_wconf 72' lang='lat' dir='ltr'>prociarum</span> <span class='ocrx_word' id='word_1_184' title='bbox 577 2672 736 2751; x_wconf 72' lang='lat' dir='ltr'>judicium</span> <span class='ocrx_word' id='word_1_185' title='bbox 760 2670 861 2736; x_wconf 85' lang='lat' dir='ltr'>fecisti</span> <span class='ocrx_word' id='word_1_186' title='bbox 885 2714 900 2745; x_wconf 89' lang='lat'>,</span> <span class='ocrx_word' id='word_1_187' title='bbox 923 2696 976 2738; x_wconf 82' lang='lat' dir='ltr'>une</span> <span class='ocrx_word' id='word_1_188' title='bbox 1002 2696 1064 2741; x_wconf 85' lang='lat' dir='ltr'>non</span> 
     </span>
     <span class='ocr_line' id='line_1_27' title="bbox 225 2761 1065 2849; baseline 0.001 -24"><span class='ocrx_word' id='word_1_189' title='bbox 225 2778 359 2828; x_wconf 81' lang='lat' dir='ltr'>ornnem</span> <span class='ocrx_word' id='word_1_190' title='bbox 379 2784 514 2849; x_wconf 82' lang='lat' dir='ltr'>operam</span> <span class='ocrx_word' id='word_1_191' title='bbox 530 2764 634 2830; x_wconf 81' lang='lat' dir='ltr'>lufille</span> <span class='ocrx_word' id='word_1_192' title='bbox 648 2805 658 2835; x_wconf 90' lang='lat'>,</span> <span class='ocrx_word' id='word_1_193' title='bbox 667 2761 802 2849; x_wconf 81' lang='lat' dir='ltr'>probare</span> <span class='ocrx_word' id='word_1_194' title='bbox 815 2762 957 2825; x_wconf 86' lang='lat' dir='ltr'>conabor</span> <span class='ocrx_word' id='word_1_195' title='bbox 972 2784 983 2829; x_wconf 77' lang='grc' dir='ltr'>ι</span> <span class='ocrx_word' id='word_1_196' title='bbox 998 2784 1065 2847; x_wconf 90' lang='lat' dir='ltr'>quo</span> 
     </span>
     <span class='ocr_line' id='line_1_28' title="bbox 225 2843 1063 3023; baseline 0.005 -24"><span class='ocrx_word' id='word_1_197' title='bbox 225 2843 549 3005; x_wconf 58' lang='lat' dir='ltr'>rtizr‘lall</span> <span class='ocrx_word' id='word_1_198' title='bbox 566 2848 1063 3023; x_wconf 54' lang='lat' dir='ltr'>ellelllqulzlllff</span> 
     </span>
     <span class='ocr_line' id='line_1_29' title="bbox 228 3023 1066 3111; baseline 0.008 -24"><span class='ocrx_word' id='word_1_199' title='bbox 228 3023 400 3088; x_wconf 86' lang='lat' dir='ltr'>dationem</span> <span class='ocrx_word' id='word_1_200' title='bbox 415 3024 563 3091; x_wconf 78' lang='lat' dir='ltr'>miserie:</span> <span class='ocrx_word' id='word_1_201' title='bbox 577 3032 671 3105; x_wconf 79' lang='lat' dir='ltr'>cujus</span> <span class='ocrx_word' id='word_1_202' title='bbox 686 3025 880 3091; x_wconf 69' lang='lat' dir='ltr'>auctoritare</span> <span class='ocrx_word' id='word_1_203' title='bbox 891 3028 941 3102; x_wconf 74' lang='lat' dir='ltr'>,Sc</span> <span class='ocrx_word' id='word_1_204' title='bbox 955 3026 1066 3111; x_wconf 80' lang='lat' dir='ltr'>l&#39;pleu·</span> 
     </span>
     <span class='ocr_line' id='line_1_30' title="bbox 227 3109 1068 3197; baseline -0.004 -19"><span class='ocrx_word' id='word_1_205' title='bbox 227 3112 310 3194; x_wconf 87' lang='lat' dir='ltr'>dore</span> <span class='ocrx_word' id='word_1_206' title='bbox 331 3109 453 3197; x_wconf 84' lang='lat' dir='ltr'>poliern</span> <span class='ocrx_word' id='word_1_207' title='bbox 477 3109 562 3177; x_wconf 86' lang='lat' dir='ltr'>levia</span> <span class='ocrx_word' id='word_1_208' title='bbox 584 3134 659 3181; x_wconf 85' lang='lat' dir='ltr'>mea</span> <span class='ocrx_word' id='word_1_209' title='bbox 682 3116 749 3178; x_wconf 81' lang='lat' dir='ltr'>hec</span> <span class='ocrx_word' id='word_1_210' title='bbox 762 3112 868 3177; x_wconf 88' lang='lat' dir='ltr'>studia</span> <span class='ocrx_word' id='word_1_211' title='bbox 890 3118 1068 3179; x_wconf 84' lang='lat' dir='ltr'>confirma.</span> 
     </span>
     <span class='ocr_line' id='line_1_31' title="bbox 224 3197 1067 3283; baseline 0.002 -22"><span class='ocrx_word' id='word_1_212' title='bbox 224 3222 289 3275; x_wconf 73' lang='lat' dir='ltr'>re,</span> <span class='ocrx_word' id='word_1_213' title='bbox 310 3213 410 3283; x_wconf 85' lang='lat' dir='ltr'>atque</span> <span class='ocrx_word' id='word_1_214' title='bbox 434 3197 469 3263; x_wconf 90' lang='lat' dir='ltr'>iu</span> <span class='ocrx_word' id='word_1_215' title='bbox 492 3201 650 3268; x_wconf 87' lang='lat' dir='ltr'>honorem</span> <span class='ocrx_word' id='word_1_216' title='bbox 670 3201 860 3267; x_wconf 85' lang='lat' dir='ltr'>adducere.</span> <span class='ocrx_word' id='word_1_217' title='bbox 885 3202 982 3268; x_wconf 89' lang='lat' dir='ltr'>Nihil</span> <span class='ocrx_word' id='word_1_218' title='bbox 1005 3223 1067 3267; x_wconf 87' lang='lat' dir='ltr'>au.</span> 
     </span>
     <span class='ocr_line' id='line_1_32' title="bbox 228 3284 1066 3377; baseline 0.006 -25"><span class='ocrx_word' id='word_1_219' title='bbox 228 3301 300 3355; x_wconf 84' lang='lat' dir='ltr'>tenu</span> <span class='ocrx_word' id='word_1_220' title='bbox 313 3284 467 3351; x_wconf 86' lang='lat' dir='ltr'>mealiud</span> <span class='ocrx_word' id='word_1_221' title='bbox 488 3287 531 3351; x_wconf 89' lang='lat' dir='ltr'>ad</span> <span class='ocrx_word' id='word_1_222' title='bbox 547 3286 582 3349; x_wconf 88' lang='lat' dir='ltr'>id</span> <span class='ocrx_word' id='word_1_223' title='bbox 607 3289 777 3375; x_wconf 83' lang='lat' dir='ltr'>negotium</span> <span class='ocrx_word' id='word_1_224' title='bbox 793 3288 956 3377; x_wconf 83' lang='lat' dir='ltr'>impulille</span> <span class='ocrx_word' id='word_1_225' title='bbox 971 3334 982 3363; x_wconf 94' lang='lat'>,</span> <span class='ocrx_word' id='word_1_226' title='bbox 1006 3293 1066 3357; x_wconf 81' lang='lat' dir='ltr'>uifi</span> 
     </span>
     <span class='ocr_line' id='line_1_33' title="bbox 230 3373 1066 3465; baseline 0.001 -20"><span class='ocrx_word' id='word_1_227' title='bbox 230 3373 455 3445; x_wconf 79' lang='lat' dir='ltr'>incredibilem</span> <span class='ocrx_word' id='word_1_228' title='bbox 472 3376 635 3460; x_wconf 85' lang='lat' dir='ltr'>quandam</span> <span class='ocrx_word' id='word_1_229' title='bbox 657 3377 874 3465; x_wconf 87' lang='lat' dir='ltr'>cupiditatem</span> <span class='ocrx_word' id='word_1_230' title='bbox 899 3377 1066 3447; x_wconf 77' lang='lat' dir='ltr'>studiosos</span> 
     </span>
     <span class='ocr_line' id='line_1_34' title="bbox 232 3465 1066 3555; baseline 0.004 -22"><span class='ocrx_word' id='word_1_231' title='bbox 232 3465 402 3533; x_wconf 81' lang='lat' dir='ltr'>Ciceronis</span> <span class='ocrx_word' id='word_1_232' title='bbox 421 3465 597 3546; x_wconf 82' lang='lat' dir='ltr'>adjuvandi</span> <span class='ocrx_word' id='word_1_233' title='bbox 619 3509 630 3540; x_wconf 92' lang='lat'>,</span> <span class='ocrx_word' id='word_1_234' title='bbox 653 3481 857 3552; x_wconf 88' lang='lat' dir='ltr'>compertum</span> <span class='ocrx_word' id='word_1_235' title='bbox 887 3466 1066 3555; x_wconf 78' lang='lat' dir='ltr'>uuicuique</span> 
     </span>
     <span class='ocr_line' id='line_1_35' title="bbox 228 3553 1066 3629; baseline 0 -10"><span class='ocrx_word' id='word_1_236' title='bbox 228 3554 297 3619; x_wconf 63' lang='lat' dir='ltr'>»elle</span> <span class='ocrx_word' id='word_1_237' title='bbox 312 3553 433 3625; x_wconf 84' lang='lat' dir='ltr'>debet:</span> <span class='ocrx_word' id='word_1_238' title='bbox 457 3574 494 3620; x_wconf 89' lang='lat' dir='ltr'>ea</span> <span class='ocrx_word' id='word_1_239' title='bbox 518 3569 628 3619; x_wconf 85' lang='lat' dir='ltr'>autem</span> <span class='ocrx_word' id='word_1_240' title='bbox 654 3568 747 3622; x_wconf 84' lang='lat' dir='ltr'>tauta</span> <span class='ocrx_word' id='word_1_241' title='bbox 772 3556 900 3620; x_wconf 82' lang='lat' dir='ltr'>fortasse</span> <span class='ocrx_word' id='word_1_242' title='bbox 915 3554 1002 3629; x_wconf 86' lang='lat' dir='ltr'>fuit,</span> <span class='ocrx_word' id='word_1_243' title='bbox 1027 3571 1066 3621; x_wconf 89' lang='lat' dir='ltr'>ut</span> 
     </span>
     <span class='ocr_line' id='line_1_36' title="bbox 233 3642 1066 3723; baseline -0.017 -8"><span class='ocrx_word' id='word_1_244' title='bbox 233 3661 291 3715; x_wconf 73' lang='lat' dir='ltr'>ne</span> <span class='ocrx_word' id='word_1_245' title='bbox 312 3662 457 3714; x_wconf 82' lang='lat' dir='ltr'>rutarum</span> <span class='ocrx_word' id='word_1_246' title='bbox 470 3642 591 3713; x_wconf 79' lang='lat' dir='ltr'>uirium</span> <span class='ocrx_word' id='word_1_247' title='bbox 604 3642 757 3713; x_wconf 79' lang='lat' dir='ltr'>oblivisci</span> <span class='ocrx_word' id='word_1_248' title='bbox 777 3642 918 3722; x_wconf 82' lang='lat' dir='ltr'>faceret3</span> <span class='ocrx_word' id='word_1_249' title='bbox 943 3645 1066 3723; x_wconf 84' lang='lat' dir='ltr'>majus.</span> 
     </span>
    </p>
   </div>
   <div class='ocr_carea' id='block_1_3' title="bbox 188 3754 1067 3818">
    <p class='ocr_par' dir='ltr' id='par_1_3' title="bbox 188 3754 1067 3818">
     <span class='ocr_line' id='line_1_37' title="bbox 188 3754 1067 3818; baseline 0 -1"><span class='ocrx_word' id='word_1_250' title='bbox 188 3775 195 3788; x_wconf 83' lang='grc'><strong>“</strong></span> <span class='ocrx_word' id='word_1_251' title='bbox 313 3782 331 3818; x_wconf 77' lang='lat' dir='ltr'>a</span> <span class='ocrx_word' id='word_1_252' title='bbox 1001 3754 1067 3817; x_wconf 60' lang='lat' dir='ltr'>que</span> 
     </span>
    </p>
   </div>
   <div class='ocr_carea' id='block_1_4' title="bbox 0 0 1304 4350">
    <p class='ocr_par' dir='ltr' id='par_1_4' title="bbox 0 0 1304 4350">
     <span class='ocr_line' id='line_1_38' title="bbox 0 0 1304 4350; baseline 0 0"><span class='ocrx_word' id='word_1_253' title='bbox 0 0 1304 4350; x_wconf 95' lang='lat' dir='ltr'> </span> 
     </span>
    </p>
   </div>
  </div>
 </body>
</html>
