2542 4350
349 413 577 482 Et’lsl'obffi
600 412 888 483 PONTIFlClAE.
984 439 1048 507 toy

194 516 324 570 :atum
339 505 409 578 eil,
433 518 556 568 tantam
572 503 603 565 in
620 517 653 567 te
667 502 889 589 gravitatem,
904 515 973 572 tam
993 515 1056 576 ad.

193 589 402 658 mirabilem
431 591 650 674 insignemque
669 589 863 676 sapientiam
884 636 896 667 ,
920 608 1053 668 tantum

193 672 247 745 in
269 694 302 746 te
327 677 469 745 extitisse
485 677 646 742 servande
666 677 926 746 &custodiendae
949 690 1054 770 eju,⁸
1145 701 1161 724 ι

193 784 352 851 quatuo
376 769 452 830 Deo
475 768 505 833 ἃ
527 764 677 850 patribus
695 766 812 830 nostris
835 770 1051 858 accepimns,

193 852 401 939 Religionis
429 851 605 925 studium,
635 865 673 914 ut
698 851 853 917 omnibus
884 861 1051 933 manifeste

201 960 231 1007 a
257 937 403 1027 patuerit
418 984 430 1015 ‚
453 939 560 1003 Deum
577 938 641 1002 tibi
654 939 837 1011 comitem,
858 945 966 1011 &Dei
979 949 1050 1037 spi.

204 1049 317 1095 ntum
340 1024 407 1088 tuis
422 1024 560 1110 optimis
572 1026 716 1089 confiliis
728 1027 959 1096 adfuisse-Res
972 1037 1040 1121 igi.
1164 1082 1166 1086 .

211 1128 272 1182 tur
286 1116 355 1177 alla
368 1133 424 1197 per
441 1124 474 1182 te
493 1113 646 1178 omnibus
662 1111 786 1177 sseulis
801 1123 1048 1191 memorabilis·

212 1201 402 1286 exemplum
417 1195 581 1265 salutare·
608 1203 746 1265 Ceteros
766 1199 853 1264 enim
866 1207 1048 1279 cernimus,

212 1290 443 1355 anctoritatem
456 1298 546 1350 tuam
560 1288 591 1351 in
608 1288 791 1353 damnanda
805 1290 921 1375 perfidi
937 1300 1049 1366 bomi-

212 1376 267 1443 nis
285 1372 488 1440 contumacia
503 1374 596 1439 facile
621 1374 773 1440 secutos.
796 1378 866 1468 Qti
893 1381 1046 1451 modus?

212 1477 426 1547 autqnnnam
444 1462 510 1525 hec
531 1479 548 1523 a
572 1475 604 1527 te
619 1463 727 1527 lindio
739 1465 823 1548 gella
848 1465 949 1536 sunt?
974 1491 1063 1557 quo·

213 1548 409 1637 magnitudo
436 1547 539 1612 animi
563 1547 577 1614 ‚³
602 1571 675 1635 quse
700 1551 913 1618 constantia?
937 1561 1048 1638 eujus·

215 1637 308 1704 modi
333 1655 409 1720 erga
424 1637 534 1701 Deum
558 1639 689 1720 pietat,
714 1638 810 1722 digna
824 1640 956 1720 quidem
975 1650 1047 1711 Cae.

213 1725 306 1797 sate,
333 1723 385 1788 sed
402 1720 531 1788 summo
551 1728 578 1790 ἃ
597 1725 729 1811 optimo
745 1722 896 1791 Caesarei
922 1733 1045 1797 Domi.

213 1835 252 1877 ne
271 1809 399 1878 salvum
415 1809 464 1872 sac
481 1811 601 1893 Regem
616 1817 724 1884 hunc,
747 1815 776 1878 Sc
799 1815 995 1883 exaudinos
1011 1822 1044 1886 in

212 1900 268 1964 die
291 1920 354 1984 qna
368 1901 558 1963 invocamus
576 1913 636 1964 te.
662 1898 862 1990 quidquod
885 1916 957 1967 tute
981 1907 1042 1969 de·

213 2003 340 2051 eretum
365 2001 457 2049 tunm
474 1982 707 2072 conscripsisti,
731 1988 810 2050 altis
834 1988 903 2052 illis
926 1995 1043 2057 bima.

192 2074 339 2158 gallicis
362 2071 468 2139 vetbis
486 2069 644 2151 exorsus3
668 2077 781 2138 decere
799 2088 855 2149 te,
878 2100 918 2142 ex
937 2081 1045 2144 Duci-

213 2164 276 2228 bus
305 2207 316 2238 ,
342 2158 580 2226 Archiducibus
601 2204 612 2237 ,
636 2162 808 2248 Regibus,
831 2166 1047 2250 imperatori.

212 2246 336 2330 busque
358 2247 534 2314 oriundum
550 2248 667 2312 similia
682 2250 775 2322 illis,
799 2249 830 2313 in
853 2254 918 2317 Dei
934 2256 1046 2320 omni·

210 2339 361 2425 potentis
375 2340 530 2399 honorem
546 2339 576 2401 St
589 2338 662 2400 fidei
680 2337 741 2403 sue
755 2337 865 2403 sancto
887 2339 1043 2418 salutem,

211 2444 305 2511 agere
323 2471 332 2500 ,
348 2445 403 2488 nec
418 2422 597 2500 Maioribus
612 2424 681 2488 tuis
693 2424 796 2488 deesse
810 2468 819 2487 .
835 2427 966 2493 Scilicet
980 2434 1043 2496 boe

210 2533 275 2579 non
289 2516 333 2578 est
346 2514 406 2575 else
426 2508 591 2583 similem,
615 2509 670 2575 sed
690 2512 783 2592 longe
797 2512 926 2577 virtute
950 2532 1045 2580 ante·

212 2603 323 2667 cedere
337 2642 345 2661 .
357 2603 432 2666 Non
445 2595 529 2661 enim
545 2600 608 2670 jam
628 2612 661 2660 te
675 2618 716 2661 ex
729 2597 891 2672 Majorum
904 2615 1040 2666 tuorum

212 2688 366 2773 exemplo
386 2682 662 2753 cohortabimur,
686 2681 740 2747 sed
768 2686 833 2747 hcc
857 2686 921 2750 erit
940 2689 1043 2752 animi

212 2775 265 2839 tui
279 2779 308 2842 n
325 2771 461 2839 virtutis
474 2767 665 2843 excelsitas,
691 2770 722 2832 in
744 2768 925 2837 universam
939 2776 1045 2860 polie-

212 2864 344 2930 titatem
372 2856 524 2922 omnibus
539 2855 746 2942 Principibus
771 2859 946 2942 exemplo.
971 2864 1044 2925 Nos

211 2950 345 3039 quidem
370 2990 382 3021 ,
404 2943 460 3030 qui
483 2963 573 3009 novo
601 2946 745 3027 quodam
773 2947 898 3012 amoris
927 2948 1046 3013 affeetu

211 3059 285 3124 erga
300 3035 499 3111 Maiestatem
513 3045 603 3094 tuam
621 3032 752 3095 incitati
766 3029 902 3109 sumus,
925 3036 1046 3121 ‹lepte-

211 3143 325 3194 cantes
340 3121 403 3186 tibi
415 3118 502 3207 apud
516 3117 777 3203 omnipotentem
800 3123 911 3187 Deum
927 3125 1042 3189 omnia

211 3212 363 3301 prospera
376 3213 405 3277 ἃ
417 3203 585 3296 gloriosa,
609 3207 733 3291 gratiae
749 3207 811 3271 tibi
827 3211 955 3296 agimus
980 3232 1045 3298 pto

212 3314 273 3363 tuo
295 3296 403 3363 officio
436 3309 563 3367 tanto,
597 3313 662 3358 non
682 3314 765 3378 quas
786 3296 944 3362 debemus
969 3320 982 3376 ;
1007 3300 1044 3363 io

216 3387 302 3450 enim
316 3385 360 3448 etl
374 3383 535 3448 infinitum
551 3425 562 3455 ,
586 3379 639 3445 sed
654 3399 792 3465 quantas
806 3385 919 3449 animo
932 3406 1045 3478 capere

213 3469 394 3534 autve'rbis
423 3469 538 3534 eeseeee
575 3471 718 3533 nllumus
745 3473 928 3536 maximas:
952 3476 1045 3556 qnod

212 3562 243 3626 Sc
255 3571 413 3647 perpetuo
426 3556 527 3622 abluti
544 3492 686 3707 sisennusi
704 3558 737 3617 id
751 3554 846 3643 snpra
861 3561 1047 3712 omuiafige·

1008 3671 1046 3713 e·
