<?xml version="1.0" encoding="UTF-8"?>
<!DOCTYPE html PUBLIC "-//W3C//DTD XHTML 1.0 Transitional//EN"
    "http://www.w3.org/TR/xhtml1/DTD/xhtml1-transitional.dtd">
<html xmlns="http://www.w3.org/1999/xhtml" xml:lang="en" lang="en">
 <head>
  <title>
</title>
<meta http-equiv="Content-Type" content="text/html;charset=utf-8" />
  <meta name='ocr-system' content='tesseract 3.04.00' />
  <meta name='ocr-capabilities' content='ocr_page ocr_carea ocr_par ocr_line ocrx_word'/>
</head>
<body>
  <div class='ocr_page' id='page_1' title='image "./jacobisadoletie00florgoog_0468.png"; bbox 0 0 2542 4350; ppageno 0'>
   <div class='ocr_carea' id='block_1_1' title="bbox 212 458 1090 3019">
    <p class='ocr_par' dir='ltr' id='par_1_1' title="bbox 212 458 1090 3019">
     <span class='ocr_line' id='line_1_1' title="bbox 445 458 1066 548; baseline 0.002 -20"><span class='ocrx_word' id='word_1_1' title='bbox 445 461 473 528; x_wconf 84' lang='lat' dir='ltr'>E</span> <span class='ocrx_word' id='word_1_2' title='bbox 497 458 522 528; x_wconf 90' lang='lat' dir='ltr'><strong>P</strong></span> <span class='ocrx_word' id='word_1_3' title='bbox 545 458 562 528; x_wconf 88' lang='lat'>1</span> <span class='ocrx_word' id='word_1_4' title='bbox 587 458 658 529; x_wconf 85' lang='lat' dir='ltr'>ST</span> <span class='ocrx_word' id='word_1_5' title='bbox 683 458 716 530; x_wconf 93' lang='lat'>0</span> <span class='ocrx_word' id='word_1_6' title='bbox 740 462 765 529; x_wconf 89' lang='lat' dir='ltr'>L</span> <span class='ocrx_word' id='word_1_7' title='bbox 790 461 859 529; x_wconf 67' lang='grc' dir='ltr'>Εἴ</span> <span class='ocrx_word' id='word_1_8' title='bbox 1017 464 1066 548; x_wconf 69' lang='lat'>31&#39;</span> 
     </span>
     <span class='ocr_line' id='line_1_2' title="bbox 221 549 1061 637; baseline 0.007 -24"><span class='ocrx_word' id='word_1_9' title='bbox 221 561 345 614; x_wconf 81' lang='lat' dir='ltr'><strong>menter</strong></span> <span class='ocrx_word' id='word_1_10' title='bbox 360 550 400 615; x_wconf 91' lang='lat' dir='ltr'>ab</span> <span class='ocrx_word' id='word_1_11' title='bbox 424 553 531 616; x_wconf 85' lang='lat' dir='ltr'>offic-io</span> <span class='ocrx_word' id='word_1_12' title='bbox 555 552 717 618; x_wconf 82' lang='lat' dir='ltr'>discessrsse</span> <span class='ocrx_word' id='word_1_13' title='bbox 738 555 851 618; x_wconf 87' lang='lat' dir='ltr'>videor</span> <span class='ocrx_word' id='word_1_14' title='bbox 872 593 883 626; x_wconf 91' lang='lat'>,</span> <span class='ocrx_word' id='word_1_15' title='bbox 907 549 964 637; x_wconf 87' lang='lat' dir='ltr'>qni</span> <span class='ocrx_word' id='word_1_16' title='bbox 991 565 1061 619; x_wconf 85' lang='lat' dir='ltr'>tam</span> 
     </span>
     <span class='ocr_line' id='line_1_3' title="bbox 223 638 1061 725; baseline 0.007 -26"><span class='ocrx_word' id='word_1_17' title='bbox 223 638 281 701; x_wconf 84' lang='lat' dir='ltr'>din</span> <span class='ocrx_word' id='word_1_18' title='bbox 295 638 377 702; x_wconf 83' lang='lat' dir='ltr'>nihii</span> <span class='ocrx_word' id='word_1_19' title='bbox 392 638 432 703; x_wconf 91' lang='lat' dir='ltr'>ad</span> <span class='ocrx_word' id='word_1_20' title='bbox 447 655 479 706; x_wconf 89' lang='lat' dir='ltr'>te</span> <span class='ocrx_word' id='word_1_21' title='bbox 494 640 664 705; x_wconf 85' lang='lat' dir='ltr'>literarum</span> <span class='ocrx_word' id='word_1_22' title='bbox 679 639 824 705; x_wconf 85' lang='lat' dir='ltr'>dederim</span> <span class='ocrx_word' id='word_1_23' title='bbox 841 684 853 712; x_wconf 88' lang='lat'>‚</span> <span class='ocrx_word' id='word_1_24' title='bbox 877 661 916 706; x_wconf 83' lang='lat' dir='ltr'>ex</span> <span class='ocrx_word' id='word_1_25' title='bbox 938 640 1061 725; x_wconf 74' lang='lat' dir='ltr'>quinus</span> 
     </span>
     <span class='ocr_line' id='line_1_4' title="bbox 223 727 1061 812; baseline 0.005 -23"><span class='ocrx_word' id='word_1_26' title='bbox 223 748 298 790; x_wconf 89' lang='lat' dir='ltr'>eum</span> <span class='ocrx_word' id='word_1_27' title='bbox 324 748 375 791; x_wconf 90' lang='lat' dir='ltr'>me</span> <span class='ocrx_word' id='word_1_28' title='bbox 399 729 459 794; x_wconf 84' lang='lat' dir='ltr'>effe</span> <span class='ocrx_word' id='word_1_29' title='bbox 493 727 526 791; x_wconf 88' lang='lat' dir='ltr'>in</span> <span class='ocrx_word' id='word_1_30' title='bbox 550 743 584 795; x_wconf 91' lang='lat' dir='ltr'>te</span> <span class='ocrx_word' id='word_1_31' title='bbox 618 727 758 792; x_wconf 88' lang='lat' dir='ltr'>colendo</span> <span class='ocrx_word' id='word_1_32' title='bbox 791 727 1061 812; x_wconf 81' lang='lat' dir='ltr'>observandoqree</span> 
     </span>
     <span class='ocr_line' id='line_1_5' title="bbox 219 813 1090 902; baseline 0.002 -24"><span class='ocrx_word' id='word_1_33' title='bbox 219 813 417 902; x_wconf 75' lang='lat' dir='ltr'>perspiceres</span> <span class='ocrx_word' id='word_1_34' title='bbox 436 860 447 891; x_wconf 90' lang='lat'>‚</span> <span class='ocrx_word' id='word_1_35' title='bbox 471 814 528 899; x_wconf 89' lang='lat' dir='ltr'>qui</span> <span class='ocrx_word' id='word_1_36' title='bbox 547 813 663 880; x_wconf 82' lang='lat' dir='ltr'>multis</span> <span class='ocrx_word' id='word_1_37' title='bbox 679 815 911 902; x_wconf 79' lang='lat' dir='ltr'>justissimisque</span> <span class='ocrx_word' id='word_1_38' title='bbox 927 817 968 883; x_wconf 90' lang='lat' dir='ltr'>de</span> <span class='ocrx_word' id='word_1_39' title='bbox 983 837 1061 880; x_wconf 80' lang='lat' dir='ltr'>cau·</span> <span class='ocrx_word' id='word_1_40' title='bbox 1083 861 1090 874; x_wconf 86' lang='lat'><strong><em>.</em></strong></span> 
     </span>
     <span class='ocr_line' id='line_1_6' title="bbox 220 901 1059 989; baseline 0.005 -26"><span class='ocrx_word' id='word_1_41' title='bbox 220 901 261 963; x_wconf 75' lang='lat' dir='ltr'>stc</span> <span class='ocrx_word' id='word_1_42' title='bbox 293 904 353 970; x_wconf 80' lang='lat' dir='ltr'>esse</span> <span class='ocrx_word' id='word_1_43' title='bbox 377 902 481 969; x_wconf 89' lang='lat' dir='ltr'>debeo</span> <span class='ocrx_word' id='word_1_44' title='bbox 506 945 515 965; x_wconf 85' lang='lat'><strong>.</strong></span> <span class='ocrx_word' id='word_1_45' title='bbox 538 903 578 966; x_wconf 90' lang='lat' dir='ltr'>ld</span> <span class='ocrx_word' id='word_1_46' title='bbox 605 906 890 989; x_wconf 83' lang='lat' dir='ltr'>quod,ets1mihi</span> <span class='ocrx_word' id='word_1_47' title='bbox 909 904 1059 970; x_wconf 73' lang='lat' dir='ltr'>conscius</span> 
     </span>
     <span class='ocr_line' id='line_1_7' title="bbox 221 987 1058 1080; baseline 0.007 -27"><span class='ocrx_word' id='word_1_48' title='bbox 221 987 293 1053; x_wconf 88' lang='lat' dir='ltr'>sum</span> <span class='ocrx_word' id='word_1_49' title='bbox 306 1032 318 1063; x_wconf 89' lang='lat'>,</span> <span class='ocrx_word' id='word_1_50' title='bbox 332 1010 395 1056; x_wconf 93' lang='lat' dir='ltr'>non</span> <span class='ocrx_word' id='word_1_51' title='bbox 410 991 608 1078; x_wconf 84' lang='lat' dir='ltr'>negligentia</span> <span class='ocrx_word' id='word_1_52' title='bbox 620 1010 639 1054; x_wconf 87' lang='lat' dir='ltr'>a</span> <span class='ocrx_word' id='word_1_53' title='bbox 653 1013 704 1056; x_wconf 87' lang='lat' dir='ltr'>me</span> <span class='ocrx_word' id='word_1_54' title='bbox 718 993 962 1080; x_wconf 74' lang='lat' dir='ltr'>praetermissum</span> <span class='ocrx_word' id='word_1_55' title='bbox 974 992 1058 1059; x_wconf 87' lang='lat' dir='ltr'>fuis·</span> 
     </span>
     <span class='ocr_line' id='line_1_8' title="bbox 215 1074 1062 1168; baseline 0.002 -26"><span class='ocrx_word' id='word_1_56' title='bbox 215 1075 266 1151; x_wconf 87' lang='lat' dir='ltr'>-se,</span> <span class='ocrx_word' id='word_1_57' title='bbox 280 1074 334 1144; x_wconf 92' lang='lat' dir='ltr'>sed</span> <span class='ocrx_word' id='word_1_58' title='bbox 351 1079 440 1160; x_wconf 87' lang='lat' dir='ltr'>quod</span> <span class='ocrx_word' id='word_1_59' title='bbox 458 1080 583 1144; x_wconf 83' lang='lat' dir='ltr'>veritus</span> <span class='ocrx_word' id='word_1_60' title='bbox 600 1079 670 1154; x_wconf 80' lang='lat' dir='ltr'>snm,</span> <span class='ocrx_word' id='word_1_61' title='bbox 686 1101 723 1147; x_wconf 92' lang='lat' dir='ltr'>ne</span> <span class='ocrx_word' id='word_1_62' title='bbox 740 1082 848 1168; x_wconf 87' lang='lat' dir='ltr'>inepte</span> <span class='ocrx_word' id='word_1_63' title='bbox 866 1083 1014 1155; x_wconf 85' lang='lat' dir='ltr'>facerem,</span> <span class='ocrx_word' id='word_1_64' title='bbox 1035 1081 1062 1144; x_wconf 79' lang='lat' dir='ltr'>sn</span> 
     </span>
     <span class='ocr_line' id='line_1_9' title="bbox 220 1165 1059 1253; baseline 0.006 -25"><span class='ocrx_word' id='word_1_65' title='bbox 220 1187 295 1230; x_wconf 90' lang='lat' dir='ltr'>cum</span> <span class='ocrx_word' id='word_1_66' title='bbox 310 1165 433 1230; x_wconf 86' lang='lat' dir='ltr'>nullam</span> <span class='ocrx_word' id='word_1_67' title='bbox 448 1165 624 1253; x_wconf 80' lang='lat' dir='ltr'>scriptione</span> <span class='ocrx_word' id='word_1_68' title='bbox 643 1169 773 1253; x_wconf 85' lang='lat' dir='ltr'>dignam</span> <span class='ocrx_word' id='word_1_69' title='bbox 791 1191 857 1233; x_wconf 91' lang='lat' dir='ltr'>rem</span> <span class='ocrx_word' id='word_1_70' title='bbox 874 1171 1025 1233; x_wconf 81' lang='lat' dir='ltr'>haberem</span> <span class='ocrx_word' id='word_1_71' title='bbox 1043 1212 1059 1243; x_wconf 84' lang='lat'>,</span> 
     </span>
     <span class='ocr_line' id='line_1_10' title="bbox 221 1254 1058 1342; baseline 0.006 -26"><span class='ocrx_word' id='word_1_72' title='bbox 221 1254 331 1319; x_wconf 79' lang='lat' dir='ltr'>inanes</span> <span class='ocrx_word' id='word_1_73' title='bbox 352 1255 393 1317; x_wconf 86' lang='lat' dir='ltr'>ad</span> <span class='ocrx_word' id='word_1_74' title='bbox 416 1267 448 1319; x_wconf 86' lang='lat' dir='ltr'>te</span> <span class='ocrx_word' id='word_1_75' title='bbox 476 1254 627 1342; x_wconf 83' lang='lat' dir='ltr'>epistolas</span> <span class='ocrx_word' id='word_1_76' title='bbox 652 1257 837 1329; x_wconf 86' lang='lat' dir='ltr'>mitterem,</span> <span class='ocrx_word' id='word_1_77' title='bbox 861 1272 968 1322; x_wconf 91' lang='lat' dir='ltr'>tamen</span> <span class='ocrx_word' id='word_1_78' title='bbox 992 1276 1058 1321; x_wconf 82' lang='lat' dir='ltr'>non</span> 
     </span>
     <span class='ocr_line' id='line_1_11' title="bbox 217 1342 1051 1418; baseline 0.001 -13"><span class='ocrx_word' id='word_1_79' title='bbox 217 1355 289 1407; x_wconf 87' lang='lat' dir='ltr'>tam</span> <span class='ocrx_word' id='word_1_80' title='bbox 311 1343 457 1408; x_wconf 87' lang='lat' dir='ltr'>animum</span> <span class='ocrx_word' id='word_1_81' title='bbox 487 1364 594 1408; x_wconf 89' lang='lat' dir='ltr'>meum</span> <span class='ocrx_word' id='word_1_82' title='bbox 624 1347 689 1407; x_wconf 76' lang='lat' dir='ltr'>hcc</span> <span class='ocrx_word' id='word_1_83' title='bbox 716 1342 887 1408; x_wconf 84' lang='lat' dir='ltr'>excusatio</span> <span class='ocrx_word' id='word_1_84' title='bbox 919 1343 1023 1407; x_wconf 83' lang='lat' dir='ltr'>reficit</span> <span class='ocrx_word' id='word_1_85' title='bbox 1038 1388 1051 1418; x_wconf 92' lang='lat'>,</span> 
     </span>
     <span class='ocr_line' id='line_1_12' title="bbox 220 1430 1058 1514; baseline 0.005 -19"><span class='ocrx_word' id='word_1_86' title='bbox 220 1451 321 1514; x_wconf 85' lang='lat' dir='ltr'>quam</span> <span class='ocrx_word' id='word_1_87' title='bbox 343 1445 401 1494; x_wconf 92' lang='lat' dir='ltr'>tua</span> <span class='ocrx_word' id='word_1_88' title='bbox 427 1430 615 1497; x_wconf 86' lang='lat' dir='ltr'>consolatur</span> <span class='ocrx_word' id='word_1_89' title='bbox 642 1432 860 1496; x_wconf 78' lang='lat' dir='ltr'>humanitas.</span> <span class='ocrx_word' id='word_1_90' title='bbox 894 1432 948 1496; x_wconf 90' lang='lat' dir='ltr'>Ad</span> <span class='ocrx_word' id='word_1_91' title='bbox 983 1449 1058 1499; x_wconf 81' lang='lat' dir='ltr'>eam</span> 
     </span>
     <span class='ocr_line' id='line_1_13' title="bbox 217 1519 1056 1604; baseline 0.001 -22"><span class='ocrx_word' id='word_1_92' title='bbox 217 1519 322 1604; x_wconf 79' lang='lat' dir='ltr'>igitur</span> <span class='ocrx_word' id='word_1_93' title='bbox 338 1519 513 1603; x_wconf 85' lang='lat' dir='ltr'>confugio,</span> <span class='ocrx_word' id='word_1_94' title='bbox 537 1536 661 1604; x_wconf 85' lang='lat' dir='ltr'>teque,</span> <span class='ocrx_word' id='word_1_95' title='bbox 684 1519 870 1604; x_wconf 85' lang='lat' dir='ltr'>ampsiffime</span> <span class='ocrx_word' id='word_1_96' title='bbox 887 1521 1026 1584; x_wconf 84' lang='lat' dir='ltr'>Patrone</span> <span class='ocrx_word' id='word_1_97' title='bbox 1042 1565 1056 1598; x_wconf 90' lang='lat'>‚</span> 
     </span>
     <span class='ocr_line' id='line_1_14' title="bbox 220 1607 1057 1693; baseline 0.001 -24"><span class='ocrx_word' id='word_1_98' title='bbox 220 1608 404 1693; x_wconf 88' lang='lat' dir='ltr'>deprecor,</span> <span class='ocrx_word' id='word_1_99' title='bbox 428 1623 550 1674; x_wconf 86' lang='lat' dir='ltr'>utnon</span> <span class='ocrx_word' id='word_1_100' title='bbox 573 1631 613 1674; x_wconf 80' lang='lat' dir='ltr'>ex</span> <span class='ocrx_word' id='word_1_101' title='bbox 636 1608 862 1674; x_wconf 77' lang='lat' dir='ltr'>intermistione</span> <span class='ocrx_word' id='word_1_102' title='bbox 876 1607 1057 1684; x_wconf 76' lang='lat' dir='ltr'>meahujun</span> 
     </span>
     <span class='ocr_line' id='line_1_15' title="bbox 217 1693 1056 1784; baseline 0.002 -26"><span class='ocrx_word' id='word_1_103' title='bbox 217 1694 317 1760; x_wconf 85' lang='lat' dir='ltr'>officii</span> <span class='ocrx_word' id='word_1_104' title='bbox 328 1716 340 1773; x_wconf 84' lang='lat'>3</span> <span class='ocrx_word' id='word_1_105' title='bbox 365 1693 516 1760; x_wconf 86' lang='lat' dir='ltr'>sed-tum</span> <span class='ocrx_word' id='word_1_106' title='bbox 534 1718 574 1761; x_wconf 80' lang='lat' dir='ltr'>ex</span> <span class='ocrx_word' id='word_1_107' title='bbox 598 1694 841 1784; x_wconf 71' lang='lat' dir='ltr'>praeclarissimis</span> <span class='ocrx_word' id='word_1_108' title='bbox 869 1696 1056 1766; x_wconf 72' lang='lat' dir='ltr'>virtutibus</span> 
     </span>
     <span class='ocr_line' id='line_1_16' title="bbox 218 1783 1053 1869; baseline 0.002 -23"><span class='ocrx_word' id='word_1_109' title='bbox 218 1785 311 1858; x_wconf 77' lang='lat' dir='ltr'>tuis,</span> <span class='ocrx_word' id='word_1_110' title='bbox 336 1802 407 1849; x_wconf 90' lang='lat' dir='ltr'>tum</span> <span class='ocrx_word' id='word_1_111' title='bbox 424 1806 464 1849; x_wconf 88' lang='lat' dir='ltr'>ex</span> <span class='ocrx_word' id='word_1_112' title='bbox 480 1783 606 1850; x_wconf 87' lang='lat' dir='ltr'>summa</span> <span class='ocrx_word' id='word_1_113' title='bbox 632 1785 862 1869; x_wconf 74' lang='lat' dir='ltr'>arciiffimaque</span> <span class='ocrx_word' id='word_1_114' title='bbox 883 1786 1053 1850; x_wconf 82' lang='lat' dir='ltr'>neceffitrr-</span> 
     </span>
     <span class='ocr_line' id='line_1_17' title="bbox 217 1871 1055 1956; baseline 0.01 -24"><span class='ocrx_word' id='word_1_115' title='bbox 217 1871 293 1937; x_wconf 88' lang='lat' dir='ltr'>dine</span> <span class='ocrx_word' id='word_1_116' title='bbox 313 1914 324 1946; x_wconf 88' lang='lat'>,</span> <span class='ocrx_word' id='word_1_117' title='bbox 348 1893 419 1956; x_wconf 75' lang='lat' dir='ltr'>qua</span> <span class='ocrx_word' id='word_1_118' title='bbox 451 1872 513 1937; x_wconf 87' lang='lat' dir='ltr'>tibi</span> <span class='ocrx_word' id='word_1_119' title='bbox 537 1894 609 1939; x_wconf 88' lang='lat' dir='ltr'>cum</span> <span class='ocrx_word' id='word_1_120' title='bbox 636 1871 794 1937; x_wconf 86' lang='lat' dir='ltr'>Sadoieto</span> <span class='ocrx_word' id='word_1_121' title='bbox 820 1871 957 1956; x_wconf 74' lang='lat' dir='ltr'>Collega</span> <span class='ocrx_word' id='word_1_122' title='bbox 992 1887 1055 1940; x_wconf 85' lang='lat' dir='ltr'>tuo</span> 
     </span>
     <span class='ocr_line' id='line_1_18' title="bbox 217 1959 1051 2035; baseline 0.002 -8"><span class='ocrx_word' id='word_1_123' title='bbox 217 1962 362 2027; x_wconf 77' lang='lat' dir='ltr'>Patrono</span> <span class='ocrx_word' id='word_1_124' title='bbox 385 1980 457 2025; x_wconf 90' lang='lat' dir='ltr'>meo</span> <span class='ocrx_word' id='word_1_125' title='bbox 491 1959 665 2026; x_wconf 89' lang='lat' dir='ltr'>intercedit</span> <span class='ocrx_word' id='word_1_126' title='bbox 690 2003 701 2035; x_wconf 89' lang='lat'>‚</span> <span class='ocrx_word' id='word_1_127' title='bbox 725 1973 797 2025; x_wconf 87' lang='lat' dir='ltr'>tum</span> <span class='ocrx_word' id='word_1_128' title='bbox 825 1983 865 2026; x_wconf 82' lang='lat' dir='ltr'>ex</span> <span class='ocrx_word' id='word_1_129' title='bbox 888 1959 958 2028; x_wconf 74' lang='lat' dir='ltr'>issia</span> <span class='ocrx_word' id='word_1_130' title='bbox 983 1981 1051 2029; x_wconf 82' lang='lat' dir='ltr'>non</span> 
     </span>
     <span class='ocr_line' id='line_1_19' title="bbox 216 2045 1054 2136; baseline 0.002 -24"><span class='ocrx_word' id='word_1_131' title='bbox 216 2045 386 2123; x_wconf 73' lang='lat' dir='ltr'>obscuris,</span> <span class='ocrx_word' id='word_1_132' title='bbox 411 2047 465 2113; x_wconf 91' lang='lat' dir='ltr'>sed</span> <span class='ocrx_word' id='word_1_133' title='bbox 489 2048 698 2136; x_wconf 72' lang='lat' dir='ltr'>perspicuis,</span> <span class='ocrx_word' id='word_1_134' title='bbox 720 2045 968 2122; x_wconf 60' lang='lat' dir='ltr'>stillantibus,</span> <span class='ocrx_word' id='word_1_135' title='bbox 982 2071 1054 2135; x_wconf 74' lang='lat' dir='ltr'>qua</span> 
     </span>
     <span class='ocr_line' id='line_1_20' title="bbox 217 2134 1056 2227; baseline 0.01 -29"><span class='ocrx_word' id='word_1_136' title='bbox 217 2134 291 2202; x_wconf 85' lang='lat' dir='ltr'>dixi</span> <span class='ocrx_word' id='word_1_137' title='bbox 308 2138 539 2204; x_wconf 67' lang='lat' dir='ltr'>benevolenti:</span> <span class='ocrx_word' id='word_1_138' title='bbox 560 2139 686 2225; x_wconf 76' lang='lat' dir='ltr'>segnia,</span> <span class='ocrx_word' id='word_1_139' title='bbox 710 2155 815 2204; x_wconf 90' lang='lat' dir='ltr'>meam</span> <span class='ocrx_word' id='word_1_140' title='bbox 834 2158 908 2227; x_wconf 85' lang='lat' dir='ltr'>erga</span> <span class='ocrx_word' id='word_1_141' title='bbox 935 2151 968 2202; x_wconf 89' lang='lat' dir='ltr'>te</span> <span class='ocrx_word' id='word_1_142' title='bbox 991 2141 1056 2206; x_wconf 87' lang='lat' dir='ltr'>ob·</span> 
     </span>
     <span class='ocr_line' id='line_1_21' title="bbox 215 2222 1056 2312; baseline 0.005 -22"><span class='ocrx_word' id='word_1_143' title='bbox 215 2222 412 2292; x_wconf 79' lang='lat' dir='ltr'>servantiam</span> <span class='ocrx_word' id='word_1_144' title='bbox 427 2228 559 2293; x_wconf 88' lang='lat' dir='ltr'>metiare</span> <span class='ocrx_word' id='word_1_145' title='bbox 572 2271 581 2290; x_wconf 91' lang='lat'><strong>.</strong></span> <span class='ocrx_word' id='word_1_146' title='bbox 596 2231 644 2291; x_wconf 79' lang='lat' dir='ltr'>An</span> <span class='ocrx_word' id='word_1_147' title='bbox 659 2241 718 2302; x_wconf 85' lang='lat' dir='ltr'>,nt</span> <span class='ocrx_word' id='word_1_148' title='bbox 732 2226 858 2312; x_wconf 83' lang='lat' dir='ltr'>reliqua</span> <span class='ocrx_word' id='word_1_149' title='bbox 875 2226 1056 2307; x_wconf 84' lang='lat' dir='ltr'>omittam,&#39;</span> 
     </span>
     <span class='ocr_line' id='line_1_22' title="bbox 216 2314 1053 2403; baseline 0.008 -27"><span class='ocrx_word' id='word_1_150' title='bbox 216 2334 322 2400; x_wconf 79' lang='lat' dir='ltr'>quaa</span> <span class='ocrx_word' id='word_1_151' title='bbox 340 2329 374 2380; x_wconf 85' lang='lat' dir='ltr'>te</span> <span class='ocrx_word' id='word_1_152' title='bbox 394 2315 430 2379; x_wconf 93' lang='lat' dir='ltr'>in</span> <span class='ocrx_word' id='word_1_153' title='bbox 455 2336 506 2381; x_wconf 88' lang='lat' dir='ltr'>me</span> <span class='ocrx_word' id='word_1_154' title='bbox 530 2316 672 2403; x_wconf 59' lang='lat' dir='ltr'>profecta</span> <span class='ocrx_word' id='word_1_155' title='bbox 696 2316 801 2390; x_wconf 86' lang='lat' dir='ltr'>sunt,</span> <span class='ocrx_word' id='word_1_156' title='bbox 825 2314 975 2384; x_wconf 76' lang='lat' dir='ltr'>oblivisci</span> <span class='ocrx_word' id='word_1_157' title='bbox 990 2341 1053 2383; x_wconf 85' lang='lat' dir='ltr'>un·</span> 
     </span>
     <span class='ocr_line' id='line_1_23' title="bbox 215 2405 1053 2493; baseline 0.006 -26"><span class='ocrx_word' id='word_1_158' title='bbox 215 2422 315 2487; x_wconf 88' lang='lat' dir='ltr'>quam</span> <span class='ocrx_word' id='word_1_159' title='bbox 334 2410 451 2493; x_wconf 84' lang='lat' dir='ltr'>potero</span> <span class='ocrx_word' id='word_1_160' title='bbox 476 2447 488 2479; x_wconf 90' lang='lat'>,</span> <span class='ocrx_word' id='word_1_161' title='bbox 513 2405 592 2489; x_wconf 88' lang='lat' dir='ltr'>quid</span> <span class='ocrx_word' id='word_1_162' title='bbox 615 2410 766 2491; x_wconf 80' lang='lat' dir='ltr'>proxima</span> <span class='ocrx_word' id='word_1_163' title='bbox 786 2410 904 2493; x_wconf 87' lang='lat' dir='ltr'>hyeme</span> <span class='ocrx_word' id='word_1_164' title='bbox 929 2448 940 2479; x_wconf 88' lang='lat'>‚</span> <span class='ocrx_word' id='word_1_165' title='bbox 974 2426 1053 2472; x_wconf 84' lang='lat' dir='ltr'>cum</span> 
     </span>
     <span class='ocr_line' id='line_1_24' title="bbox 214 2491 1050 2579; baseline 0 -20"><span class='ocrx_word' id='word_1_166' title='bbox 214 2492 356 2559; x_wconf 89' lang='lat' dir='ltr'>Romam</span> <span class='ocrx_word' id='word_1_167' title='bbox 385 2491 537 2557; x_wconf 84' lang='lat' dir='ltr'>veniss&#39;em</span> <span class='ocrx_word' id='word_1_168' title='bbox 562 2538 573 2567; x_wconf 89' lang='lat'>,</span> <span class='ocrx_word' id='word_1_169' title='bbox 597 2514 725 2557; x_wconf 86' lang='lat' dir='ltr'>mecum</span> <span class='ocrx_word' id='word_1_170' title='bbox 742 2496 848 2576; x_wconf 76' lang='lat' dir='ltr'>egeris</span> <span class='ocrx_word' id='word_1_171' title='bbox 871 2492 884 2558; x_wconf 76' lang='lat'>‚³</span> <span class='ocrx_word' id='word_1_172' title='bbox 910 2494 1050 2579; x_wconf 72' lang='lat' dir='ltr'>Quanta</span> 
     </span>
     <span class='ocr_line' id='line_1_25' title="bbox 215 2580 1053 2665; baseline 0.004 -21"><span class='ocrx_word' id='word_1_173' title='bbox 215 2601 298 2645; x_wconf 80' lang='lat' dir='ltr'>cura</span> <span class='ocrx_word' id='word_1_174' title='bbox 311 2581 373 2645; x_wconf 90' lang='lat' dir='ltr'>tibi</span> <span class='ocrx_word' id='word_1_175' title='bbox 385 2580 560 2644; x_wconf 86' lang='lat' dir='ltr'>commoda</span> <span class='ocrx_word' id='word_1_176' title='bbox 574 2598 646 2642; x_wconf 91' lang='lat' dir='ltr'>mea</span> <span class='ocrx_word' id='word_1_177' title='bbox 660 2581 719 2644; x_wconf 86' lang='lat' dir='ltr'>esse</span> <span class='ocrx_word' id='word_1_178' title='bbox 733 2580 926 2646; x_wconf 79' lang='lat' dir='ltr'>ostenderis?</span> <span class='ocrx_word' id='word_1_179' title='bbox 941 2583 1053 2665; x_wconf 84' lang='lat' dir='ltr'>Quam</span> 
     </span>
     <span class='ocr_line' id='line_1_26' title="bbox 215 2665 1054 2754; baseline 0.004 -23"><span class='ocrx_word' id='word_1_180' title='bbox 215 2690 266 2735; x_wconf 87' lang='lat' dir='ltr'>me</span> <span class='ocrx_word' id='word_1_181' title='bbox 291 2666 472 2731; x_wconf 85' lang='lat' dir='ltr'>honorifico</span> <span class='ocrx_word' id='word_1_182' title='bbox 509 2666 700 2732; x_wconf 85' lang='lat' dir='ltr'>testimonio</span> <span class='ocrx_word' id='word_1_183' title='bbox 732 2668 819 2754; x_wconf 82' lang='lat' dir='ltr'>apud</span> <span class='ocrx_word' id='word_1_184' title='bbox 846 2665 1054 2734; x_wconf 84' lang='lat' dir='ltr'>clariffimurn</span> 
     </span>
     <span class='ocr_line' id='line_1_27' title="bbox 219 2754 1053 2843; baseline -0.01 -19"><span class='ocrx_word' id='word_1_185' title='bbox 219 2755 338 2825; x_wconf 84' lang='lat' dir='ltr'>Virum</span> <span class='ocrx_word' id='word_1_186' title='bbox 359 2754 553 2823; x_wconf 76' lang='lat' dir='ltr'>ornaveria?</span> <span class='ocrx_word' id='word_1_187' title='bbox 579 2757 697 2841; x_wconf 83' lang='lat' dir='ltr'>Inque</span> <span class='ocrx_word' id='word_1_188' title='bbox 721 2770 784 2831; x_wconf 83' lang='lat' dir='ltr'>ter,</span> <span class='ocrx_word' id='word_1_189' title='bbox 808 2775 876 2840; x_wconf 84' lang='lat' dir='ltr'>quo</span> <span class='ocrx_word' id='word_1_190' title='bbox 888 2775 949 2843; x_wconf 85' lang='lat' dir='ltr'>ego</span> <span class='ocrx_word' id='word_1_191' title='bbox 972 2776 1053 2823; x_wconf 87' lang='lat' dir='ltr'>con.</span> 
     </span>
     <span class='ocr_line' id='line_1_28' title="bbox 212 2837 1049 2923; baseline -0.006 -14"><span class='ocrx_word' id='word_1_192' title='bbox 212 2842 288 2910; x_wconf 87' lang='lat' dir='ltr'>filio</span> <span class='ocrx_word' id='word_1_193' title='bbox 311 2844 343 2910; x_wconf 90' lang='lat' dir='ltr'>in</span> <span class='ocrx_word' id='word_1_194' title='bbox 367 2837 466 2908; x_wconf 86' lang='lat' dir='ltr'>Italia</span> <span class='ocrx_word' id='word_1_195' title='bbox 482 2844 687 2923; x_wconf 77' lang='lat' dir='ltr'>mansissem,</span> <span class='ocrx_word' id='word_1_196' title='bbox 711 2861 748 2909; x_wconf 83' lang='lat' dir='ltr'>ac</span> <span class='ocrx_word' id='word_1_197' title='bbox 772 2849 912 2913; x_wconf 87' lang='lat' dir='ltr'>Romam</span> <span class='ocrx_word' id='word_1_198' title='bbox 938 2843 1049 2910; x_wconf 83' lang='lat' dir='ltr'>venis.</span> 
     </span>
     <span class='ocr_line' id='line_1_29' title="bbox 212 2930 1050 3019; baseline -0.002 -21"><span class='ocrx_word' id='word_1_199' title='bbox 212 2930 280 2998; x_wconf 90' lang='lat' dir='ltr'>sem</span> <span class='ocrx_word' id='word_1_200' title='bbox 309 2932 500 3010; x_wconf 84' lang='lat' dir='ltr'>,videlicet</span> <span class='ocrx_word' id='word_1_201' title='bbox 525 2931 702 3019; x_wconf 75' lang='lat' dir='ltr'>ignorabas</span> <span class='ocrx_word' id='word_1_202' title='bbox 723 2973 735 3005; x_wconf 89' lang='lat'>,</span> <span class='ocrx_word' id='word_1_203' title='bbox 759 2930 815 2999; x_wconf 85' lang='lat' dir='ltr'>sed</span> <span class='ocrx_word' id='word_1_204' title='bbox 841 2946 950 2995; x_wconf 87' lang='lat' dir='ltr'>tamen</span> <span class='ocrx_word' id='word_1_205' title='bbox 980 2935 1050 2996; x_wconf 78' lang='lat' dir='ltr'>stre·</span> 
     </span>
    </p>
   </div>
   <div class='ocr_carea' id='block_1_2' title="bbox 214 3020 1192 3106">
    <p class='ocr_par' dir='ltr' id='par_1_2' title="bbox 214 3020 1192 3106">
     <span class='ocr_line' id='line_1_30' title="bbox 214 3020 1192 3106; baseline 0 -21"><span class='ocrx_word' id='word_1_206' title='bbox 214 3021 307 3085; x_wconf 84' lang='lat' dir='ltr'>dium</span> <span class='ocrx_word' id='word_1_207' title='bbox 340 3039 416 3106; x_wconf 83' lang='lat' dir='ltr'>erga</span> <span class='ocrx_word' id='word_1_208' title='bbox 441 3041 492 3083; x_wconf 89' lang='lat' dir='ltr'>me</span> <span class='ocrx_word' id='word_1_209' title='bbox 528 3036 622 3087; x_wconf 86' lang='lat' dir='ltr'>tuum</span> <span class='ocrx_word' id='word_1_210' title='bbox 650 3065 661 3097; x_wconf 85' lang='lat'>‚</span> <span class='ocrx_word' id='word_1_211' title='bbox 692 3040 767 3087; x_wconf 80' lang='lat' dir='ltr'>cura</span> <span class='ocrx_word' id='word_1_212' title='bbox 791 3020 1047 3088; x_wconf 85' lang='lat' dir='ltr'>commodorum</span> <span class='ocrx_word' id='word_1_213' title='bbox 1178 3067 1192 3085; x_wconf 86' lang='lat'>-.</span> 
     </span>
    </p>
   </div>
   <div class='ocr_carea' id='block_1_3' title="bbox 210 3106 1057 3817">
    <p class='ocr_par' dir='ltr' id='par_1_3' title="bbox 210 3106 1056 3787">
     <span class='ocr_line' id='line_1_31' title="bbox 213 3106 1045 3185; baseline -0.002 -10"><span class='ocrx_word' id='word_1_214' title='bbox 213 3128 389 3183; x_wconf 87' lang='lat' dir='ltr'>meorum,</span> <span class='ocrx_word' id='word_1_215' title='bbox 412 3106 581 3173; x_wconf 83' lang='lat' dir='ltr'>confilium</span> <span class='ocrx_word' id='word_1_216' title='bbox 596 3110 733 3175; x_wconf 85' lang='lat' dir='ltr'>ornandi</span> <span class='ocrx_word' id='word_1_217' title='bbox 753 3106 841 3185; x_wconf 87' lang='lat' dir='ltr'>mei,</span> <span class='ocrx_word' id='word_1_218' title='bbox 864 3109 1045 3175; x_wconf 81' lang='lat' dir='ltr'>testimonii</span> 
     </span>
     <span class='ocr_line' id='line_1_32' title="bbox 211 3196 1048 3283; baseline -0.002 -20"><span class='ocrx_word' id='word_1_219' title='bbox 211 3200 345 3271; x_wconf 76' lang='lat' dir='ltr'>bonon,</span> <span class='ocrx_word' id='word_1_220' title='bbox 370 3196 419 3262; x_wconf 89' lang='lat' dir='ltr'>tui</span> <span class='ocrx_word' id='word_1_221' title='bbox 436 3196 475 3261; x_wconf 93' lang='lat' dir='ltr'>de</span> <span class='ocrx_word' id='word_1_222' title='bbox 490 3216 539 3263; x_wconf 86' lang='lat' dir='ltr'>me</span> <span class='ocrx_word' id='word_1_223' title='bbox 554 3197 669 3276; x_wconf 78' lang='lat' dir='ltr'>judicii</span> <span class='ocrx_word' id='word_1_224' title='bbox 688 3196 940 3283; x_wconf 81' lang='lat' dir='ltr'>fignificatio‚ita</span> <span class='ocrx_word' id='word_1_225' title='bbox 964 3197 1048 3261; x_wconf 83' lang='lat' dir='ltr'>milri</span> 
     </span>
     <span class='ocr_line' id='line_1_33' title="bbox 211 3281 1043 3369; baseline -0.002 -19"><span class='ocrx_word' id='word_1_226' title='bbox 211 3285 246 3352; x_wconf 90' lang='lat' dir='ltr'>in</span> <span class='ocrx_word' id='word_1_227' title='bbox 270 3286 399 3351; x_wconf 73' lang='lat' dir='ltr'>intimis</span> <span class='ocrx_word' id='word_1_228' title='bbox 423 3281 565 3349; x_wconf 80' lang='lat' dir='ltr'>sensrbue</span> <span class='ocrx_word' id='word_1_229' title='bbox 600 3283 795 3351; x_wconf 73' lang='lat' dir='ltr'>inboeserunt</span> <span class='ocrx_word' id='word_1_230' title='bbox 820 3328 831 3359; x_wconf 90' lang='lat'>,</span> <span class='ocrx_word' id='word_1_231' title='bbox 856 3285 903 3348; x_wconf 92' lang='lat' dir='ltr'>ita</span> <span class='ocrx_word' id='word_1_232' title='bbox 926 3301 1043 3369; x_wconf 84' lang='lat' dir='ltr'>grata,</span> 
     </span>
     <span class='ocr_line' id='line_1_34' title="bbox 210 3370 1048 3457; baseline -0.004 -18"><span class='ocrx_word' id='word_1_233' title='bbox 210 3377 241 3439; x_wconf 79' lang='lat' dir='ltr'>dr</span> <span class='ocrx_word' id='word_1_234' title='bbox 264 3370 627 3452; x_wconf 83' lang='lat' dir='ltr'>jucundaacciderunt‚</span> <span class='ocrx_word' id='word_1_235' title='bbox 652 3388 689 3439; x_wconf 80' lang='lat' dir='ltr'>nt</span> <span class='ocrx_word' id='word_1_236' title='bbox 701 3392 805 3457; x_wconf 84' lang='lat' dir='ltr'>neque</span> <span class='ocrx_word' id='word_1_237' title='bbox 820 3373 889 3436; x_wconf 85' lang='lat' dir='ltr'>ulla</span> <span class='ocrx_word' id='word_1_238' title='bbox 899 3392 1048 3456; x_wconf 76' lang='lat' dir='ltr'>unquam</span> 
     </span>
     <span class='ocr_line' id='line_1_35' title="bbox 211 3459 1051 3546; baseline -0.002 -21"><span class='ocrx_word' id='word_1_239' title='bbox 211 3479 248 3525; x_wconf 92' lang='lat' dir='ltr'>ea</span> <span class='ocrx_word' id='word_1_240' title='bbox 270 3459 438 3527; x_wconf 80' lang='lat' dir='ltr'>exanimo</span> <span class='ocrx_word' id='word_1_241' title='bbox 459 3479 533 3523; x_wconf 90' lang='lat' dir='ltr'>meo</span> <span class='ocrx_word' id='word_1_242' title='bbox 550 3462 657 3526; x_wconf 78' lang='lat' dir='ltr'>desere</span> <span class='ocrx_word' id='word_1_243' title='bbox 682 3459 834 3535; x_wconf 81' lang='lat' dir='ltr'>oblivio,</span> <span class='ocrx_word' id='word_1_244' title='bbox 857 3480 960 3542; x_wconf 85' lang='lat' dir='ltr'>neque</span> <span class='ocrx_word' id='word_1_245' title='bbox 973 3480 1051 3546; x_wconf 79' lang='lat' dir='ltr'>gra·</span> 
     </span>
     <span class='ocr_line' id='line_1_36' title="bbox 215 3546 1050 3629; baseline 0 -19"><span class='ocrx_word' id='word_1_246' title='bbox 215 3547 323 3621; x_wconf 89' lang='lat' dir='ltr'>tiam,</span> <span class='ocrx_word' id='word_1_247' title='bbox 347 3566 448 3629; x_wconf 79' lang='lat' dir='ltr'>quam</span> <span class='ocrx_word' id='word_1_248' title='bbox 465 3547 527 3610; x_wconf 90' lang='lat' dir='ltr'>tibi</span> <span class='ocrx_word' id='word_1_249' title='bbox 547 3547 734 3613; x_wconf 87' lang='lat' dir='ltr'>eonomine</span> <span class='ocrx_word' id='word_1_250' title='bbox 748 3550 877 3620; x_wconf 83' lang='lat' dir='ltr'>debeo,</span> <span class='ocrx_word' id='word_1_251' title='bbox 901 3546 968 3609; x_wconf 82' lang='lat' dir='ltr'>utta</span> <span class='ocrx_word' id='word_1_252' title='bbox 994 3548 1050 3613; x_wconf 87' lang='lat' dir='ltr'>sa·</span> 
     </span>
     <span class='ocr_line' id='line_1_37' title="bbox 212 3634 1056 3787; baseline 0 -88"><span class='ocrx_word' id='word_1_253' title='bbox 212 3634 258 3699; x_wconf 81' lang='lat' dir='ltr'>tit</span> <span class='ocrx_word' id='word_1_254' title='bbox 281 3635 442 3701; x_wconf 86' lang='lat' dir='ltr'>declarare</span> <span class='ocrx_word' id='word_1_255' title='bbox 455 3636 549 3722; x_wconf 78' lang='lat' dir='ltr'>pont</span> <span class='ocrx_word' id='word_1_256' title='bbox 560 3635 694 3787; x_wconf 49' lang='lat' dir='ltr'>mdis</span> <span class='ocrx_word' id='word_1_257' title='bbox 716 3636 789 3723; x_wconf 72' lang='lat' dir='ltr'>Ego</span> <span class='ocrx_word' id='word_1_258' title='bbox 804 3635 891 3703; x_wconf 83' lang='lat' dir='ltr'>enim</span> <span class='ocrx_word' id='word_1_259' title='bbox 904 3634 936 3701; x_wconf 82' lang='lat' dir='ltr'>it</span> <span class='ocrx_word' id='word_1_260' title='bbox 952 3634 1056 3740; x_wconf 40' lang='lat' dir='ltr'>sum,-</span> 
     </span>
    </p>

    <p class='ocr_par' dir='ltr' id='par_1_4' title="bbox 720 3742 1057 3817">
     <span class='ocr_line' id='line_1_38' title="bbox 720 3742 1057 3817; baseline -0.021 0"><span class='ocrx_word' id='word_1_261' title='bbox 720 3742 741 3817; x_wconf 78' lang='grc' dir='ltr'>ι</span> <span class='ocrx_word' id='word_1_262' title='bbox 995 3744 1057 3810; x_wconf 71' lang='grc' dir='ltr'>ιιι·</span> 
     </span>
    </p>
   </div>
   <div class='ocr_carea' id='block_1_4' title="bbox 0 0 1276 4350">
    <p class='ocr_par' dir='ltr' id='par_1_5' title="bbox 0 0 1276 4350">
     <span class='ocr_line' id='line_1_39' title="bbox 0 0 1276 4350; baseline 0 4"><span class='ocrx_word' id='word_1_263' title='bbox 0 0 1276 4350; x_wconf 95' lang='lat' dir='ltr'> </span> 
     </span>
    </p>
   </div>
  </div>
 </body>
</html>
