2542 4350
368 534 915 626 APPROBATIO.

385 770 570 862 Andante
610 769 948 859 Reverendillimo
982 777 1053 860 Pa.-

401 915 461 996 tre
513 891 660 1004 olepho
699 892 919 1002 Augustino
960 886 1052 1001 Orsi

220 1008 456 1121 perlegimus
490 901 638 1096 librum
672 1008 729 1092 ita
767 1009 999 1122 inscriptum
1036 1040 1048 1096 ε

208 1119 360 1237 Jacobi
395 1122 578 1215 Sadoleti
603 1134 644 1210 S.
662 1135 714 1211 R..
726 1133 776 1212 E.
809 1122 1052 1215 Cardiuulie

216 1235 410 1358 Epislolae
446 1240 532 1334 (uu.
582 1246 761 1356 nihilque
792 1246 833 1348 in
868 1273 918 1327 eo
943 1273 1053 1359 repe·

216 1362 341 1445 rimus
366 1387 435 1449 aut
464 1363 682 1452 Catholicae
709 1361 854 1472 Fidei,
884 1386 956 1447 aut
985 1365 1052 1446 bo·

151 1571 152 1574 q
215 1477 276 1564 nis
295 1482 467 1566 moribus
483 1482 673 1567 absonum
696 1515 701 1560 z
735 1482 917 1592 quinimo
934 1488 1049 1596 opus

150 1690 152 1696 q
215 1595 346 1709 ipsum
365 1603 583 1686 multarum
604 1627 737 1712 rerum
757 1600 954 1712 gestarum
980 1627 1049 1685 no·

216 1715 338 1822 titia,
357 1723 396 1803 8<
414 1718 537 1803 latina
555 1717 736 1829 inprimis
757 1719 956 1803 locutione
977 1744 1048 1830 pet
1173 1774 1177 1819 3

215 1830 291 1915 sese
312 1835 482 1920 nitidum
501 1857 622 1942 atque
641 1832 786 1918 illustre
806 1896 820 1941 ,
850 1834 900 1918 ab
919 1832 1048 1918 erudi·

217 1950 363 2037 tillimo
399 1958 437 2040 &
467 1952 675 2039 clarissimo
710 1954 797 2035 viro
833 1951 1051 2038 Vincentio

213 2070 333 2156 Alex.
354 2071 625 2180 Constantio,
658 2070 727 2182 qui
756 2069 935 2187 epistolas
962 2070 1050 2154 illae

213 2215 341 2303 nuper
368 2193 526 2307 collegit
547 2188 782 2301 ediditque,
812 2185 1048 2303 splendidius
1147 2233 1151 2241 ·

213 2331 258 2391 ac
279 2311 453 2394 ornatius
475 2309 674 2397 redditum
691 2370 706 2416 ‚
723 2306 889 2421 dignum
921 2303 1034 2391 cense

213 2453 303 2510 mus
329 2427 434 2538 quod
452 2429 722 2515 litteratorum
742 2423 958 2511 commodo
980 2448 1045 2537 ty·
1191 2513 1192 2516 i

211 2544 271 2658 pis
298 2545 515 2659 excudatur
534 2554 572 2634 δε
591 2548 830 2655 evulgetur.

251 2668 486 2753 Romaexiv.
513 2661 1014 2791 Kal.ouobr.uncci1x.

331 2897 553 3019 Philippus
571 2893 820 2992 Laurentius
838 2890 1016 3011 Dionist.

330 3019 591 3139 Ruymuudus
604 3012 791 3108 Alberici
805 3011 1041 3134 Presbyter.
1162 3100 1165 3105 .

392 3134 593 3230 secularis
604 3132 791 3269 Qrutouii
808 3132 1007 3227 Romani.

678 3608 753 3728 *ς
960 3615 1049 3697 IM-
