2542 4350
370 474 910 555 EPISTOLAE-aonrfflcms
1027 488 1051 569 2

212 566 320 659 quant
341 573 562 662 pervenerint,
586 571 717 638 ereua
733 565 941 655 permiserit.
964 562 1073 656 iegi·‚‘

216 659 450 747 divulgarique
474 659 681 734 curabimus,
705 672 862 740 tuamque
888 655 1053 743 optimam

219 767 363 816 mentem
378 748 469 815 sacro
480 747 632 815 Concilio
644 743 818 834 praesente,
845 743 942 830 digna
955 765 1052 810 com.

220 836 433 903 mendatione
446 834 676 923 prosequemur
689 876 699 898 .
710 835 760 900 Te
772 833 906 920 quidem
924 834 1053 900 hortari

218 932 401 1013 &paterno
421 927 537 991 affeetu
564 944 768 991 monerenon
792 921 991 1000 definimus,
1015 935 1055 988 ut

208 1015 255 1080 ·in
270 1017 329 1080 hac
346 1015 430 1080 bona
453 1012 651 1088 voluntate,
674 1015 793 1097 &erga
816 1012 898 1075 hanc
912 1008 1055 1079 seueram

221 1104 337 1169 Sedem
355 1101 532 1167 devotione
546 1099 750 1188 perseveres,
766 1118 867 1183 eaque
879 1116 957 1182 agae
971 1101 1057 1166 sem.

222 1212 304 1278 per,
327 1189 522 1274 aengien,
546 1209 652 1274 quaea
675 1200 731 1252 tua
754 1186 903 1260 virtute,
927 1201 1055 1273 tuoque

222 1299 362 1365 genere,
386 1297 521 1363 queque
549 1298 566 1342 a
592 1279 658 1344 Dei
687 1274 822 1342 maximi
847 1277 969 1340 honore
988 1297 1057 1344 nou

221 1369 285 1434 rint
311 1367 441 1443 alienu
466 1366 594 1432 anobis
608 1384 645 1430 ea
669 1361 775 1450 speres
794 1409 807 1440 ,
829 1366 859 1431 ἃ
878 1366 1054 1448 expetier,

220 1457 347 1542 querab
362 1454 634 1540 indulgentissimo
646 1457 741 1520 Patre
753 1451 877 1538 sperare
890 1452 987 1517 debet
1002 1454 1057 1530 ia„

219 1543 279 1632 qni
306 1563 411 1626 neque
438 1543 590 1626 iniquum
616 1540 787 1626 quidpiam
809 1539 1002 1625 petituros,
1024 1547 1057 1612 ut

219 1630 333 1698 emnia
346 1631 479 1694 honesta
493 1631 731 1718 impetraturus
745 1629 790 1693 est
805 1667 816 1690 .
840 1630 1057 1707 Datum'Ros·

222 1717 550 1805 meannoprImor*
595 1724 632 1785 f,
1035 1751 1040 1761 τ

462 1802 465 1808 “
658 1820 662 1826 ’
772 1801 969 1895 sadolerur,
1011 1860 1016 1866 .
1048 1856 1063 1899 Δ

219 2018 268 2088 v.
354 2015 588 2086 sterrnuuno'
612 2019 708 2089 chr
731 2018 927 2088 potorium¹

315 2161 477 2233 Harissime
499 2164 534 2231 in
560 2164 689 2233 Christo
715 2163 780 2229 Fili
809 2168 915 2234 noster
937 2210 947 2231 .
971 2167 1058 2235 Cum

326 2275 414 2320 more
431 2261 592 2335 majorum
622 2256 807 2321 nostrorum
832 2301 844 2332 ,
866 2260 896 2324 ἃ
918 2255 1059 2326 solemni

221 2337 290 2405 ritu
312 2344 342 2407 s,
357 2348 395 2411 R.
409 2344 449 2408 Ε.
467 2343 654 2411 institutum
677 2346 744 2417 fit,
768 2356 807 2408 ut
831 2347 1062 2430 quotannirin

219 2425 422 2496 sacratisima
446 2434 499 2497 die
524 2430 696 2498 Dominici
717 2431 849 2498 Natalis
872 2433 1012 2512 eusem‚-
1026 2440 1063 2505 St

220 2516 346 2602 pileum
372 2521 579 2585 beneditiuru
596 2524 772 2602 Romanus
796 2523 977 2600 Pontifex,
1002 2523 1059 2589 tui

219 2604 327 2672 visum
343 2607 442 2674 suerit
459 2630 500 2675 ex
513 2606 709 2678 Christianis
733 2607 963 2696 Principibus,
986 2612 1055 2677 ali·

219 2713 283 2780 qua
299 2709 408 2760 tamen
422 2692 586 2781 prestanti
600 2694 728 2759 virtute
744 2713 825 2772 ,aur
840 2698 966 2765 meritis
978 2720 1057 2788 erga

218 2785 302 2847 harro
324 2779 464 2848 santiam
479 2783 593 2849 Sedem
608 2781 774 2868 insignito,
787 2786 897 2860 iubeat
910 2788 1056 2854 destina.

217 2872 247 2935 ri
260 2893 272 2947 ς
296 2869 438 2957 eosque,
452 2874 510 2957 qui
523 2872 688 2961 proximis
699 2874 844 2940 Domini
857 2877 967 2941 Nostri
975 2877 1053 2949 Jesu

217 2960 338 3026 Christi
366 2962 531 3027 natalitiis
555 2959 734 3027 consecrati
757 2963 888 3030 suerunt
908 3012 920 3042 ,
943 2965 1055 3034 felicia

220 3048 458 3116 recordatiouis
466 3051 485 3122 J
488 3051 577 3115 uliue
588 3050 631 3117 11.
643 3052 853 3118 Proedetefl'or
864 3056 970 3119 noster
983 3072 1053 3123 tum

222 3139 394 3203 Serenitati
409 3139 589 3213 dicaverit,
614 3160 671 3206 nec
691 3156 801 3209 tamen
818 3140 963 3210 miserit:
988 3163 1053 3212 noe

220 3226 278 3311 qui
300 3248 402 3311 nuper
432 3229 545 3293 divina
572 3226 780 3314 providentia
807 3230 851 3294 ad
883 3228 1057 3301 summum·

219 3317 437 3399 Apostoiatue
461 3316 624 3402 fastigium
642 3320 786 3404 proretii
803 3316 939 3399 sumus,
961 3318 1051 3402 ejus·

220 3401 296 3466 dem
321 3405 567 3472 Prudecess'oria
577 3407 678 3473 nostri
694 3407 903 3477 voluntatem
914 3456 925 3489 ,
948 3415 977 3479 St
995 3418 1052 3491 iu·

218 3488 343 3555 dicium
363 3495 571 3560 attendentes
583 3540 594 3571 ,
620 3512 778 3581 tuamque
792 3497 895 3564 animi
921 3500 1056 3585 magni-j

219 3576 370 3644 tudinem
394 3583 549 3650 maximia
563 3581 597 3649 in
621 3587 719 3649 rebus
732 3586 899 3672 cognitam
915 3588 1050 3654 intuen-

218 3676 300 3745 tea,
322 3667 450 3740 uulitnr
472 3690 601 3765 moram
617 3670 893 3762 interponendam
916 3677 1057 3769 putari·

646 3766 679 3836 Α
699 3785 724 3864 3
957 3782 1059 3861 Νη
