2542 4350
341 443 563 513 EPISTOLAE
589 445 877 513 PONTIFICIAE.
971 464 1034 529 ιο,

213 531 302 616 pium
326 537 467 600 furorem
499 554 587 596 novae
615 534 845 597 debacchantis
887 533 1043 601 haereseos

214 621 294 684 stare
308 623 450 686 voluerit
462 644 473 700 3
485 622 574 703 quod
589 621 722 702 quidem
736 621 873 705 dignum
888 637 945 683 tua
964 645 1049 708 prae·

212 707 308 771 stanti
330 710 476 782 virtute,
501 710 636 792 dignum
662 712 723 771 hoc
746 730 842 792 quem
874 711 957 792 geris
983 716 1045 773 ho.

217 813 320 866 nore,
345 803 470 882 dignum
482 814 596 881 genere
611 799 656 880 (φ
672 798 849 876 Maioribus
865 801 931 862 ruit
946 816 958 872 ς
983 797 1041 861 sed

211 879 243 944 in
270 883 385 967 primis
404 885 463 946 isto
480 885 550 969 ipso
572 885 749 945 charissimo
766 884 799 946 in
821 884 950 946 Christo
973 884 1044 948 filio

210 971 321 1033 nostro
336 972 492 1055 optimo,
517 970 814 1052 religiosissimoque
838 968 964 1035 Caesare
988 971 1046 1034 di·

212 1057 389 1138 gnissimum
404 1101 413 1130 ,
430 1063 521 1137 cujus
536 1073 572 1119 ut
587 1060 690 1118 honor
709 1058 896 1128 maximus,
921 1059 961 1120 fic
975 1061 1047 1144 pie-

211 1143 294 1206 tatie
311 1144 381 1207 laus
398 1146 519 1208 eximia
533 1144 618 1207 fuit.
645 1143 756 1206 Vincit
776 1145 922 1228 profecto
938 1147 1044 1210 facus·

212 1240 315 1292 tatem
340 1236 369 1298 ἃ
390 1233 457 1315 vim
472 1233 635 1304 nostram,
661 1245 699 1291 ut
716 1234 772 1294 vix
795 1246 828 1295 te
854 1230 923 1317 pari
948 1233 1045 1298 laude

209 1315 394 1389 celebrare,
419 1320 474 1382 vix
487 1317 620 1382 idoneae
635 1320 757 1402 gratiae
778 1339 871 1404 agere
889 1321 974 1402 posse
992 1325 1047 1386 vi·

213 1401 376 1468 deamnr.
401 1409 462 1467 Sed
475 1425 535 1469 noe
550 1404 742 1469 memoriam
764 1408 847 1470 tanti
874 1406 922 1468 tui
948 1409 1046 1473 bene.

214 1489 277 1551 sicii
301 1507 495 1577 perpetuam
524 1493 689 1556 inanimo
711 1494 951 1570 retinebimus3
978 1494 1045 1580 ipse

211 1591 323 1641 autem
342 1582 434 1644 Deus
463 1575 626 1662 spectator
646 1579 734 1643 idem
759 1585 789 1647 Se
817 1599 1042 1648 remunerator

213 1665 371 1730 bonorum
386 1686 546 1754 operum,
570 1668 624 1732 cui
644 1666 744 1728 heca
763 1681 794 1730 te
810 1687 908 1748 opera
927 1684 1045 1734 navata

212 1750 256 1811 est
269 1793 281 1824 ,
304 1759 334 1821 Sc
358 1756 410 1818 cui
427 1754 606 1819 multorum
627 1752 772 1816 fidelium
794 1753 907 1815 animo
936 1777 991 1839 per
1011 1770 1045 1820 te

213 1835 290 1903 sunt
313 1841 365 1906 vei
389 1841 521 1908 servatae
545 1843 599 1908 vel
619 1839 779 1914 redditae,
803 1839 832 1902 it
846 1852 879 1904 ae
900 1843 1046 1926 prosedio

214 1928 282 2003 jam
312 1929 415 2012 iargie
437 1927 579 2016 premiis
604 1927 808 2003 illustrabit3
835 1940 871 1989 ut
895 1930 1046 2011 quotidie

215 2014 320 2098 magis
345 2015 565 2102 perspecturus
595 2017 670 2088 sie,
705 2013 796 2078 nulla
819 2036 854 2078 re
877 2017 1046 2081 uberiores

213 2102 334 2189 percipi
358 2105 508 2178 fruiiue,
532 2122 630 2188 quam
660 2122 734 2166 vera
761 2102 907 2187 pietate,
931 2104 1049 2170 &Dei

211 2187 322 2271 legum
351 2193 646 2275 mandatorumque
671 2189 904 2261 observantiae
929 2212 1048 2274 quam·

217 2297 314 2358 quam
342 2299 399 2343 nec
421 2302 509 2357 nor,
533 2278 732 2365 ubicumque
755 2276 848 2343 locus
869 2280 962 2344 nobie
986 2282 1056 2344 da·¹

215 2376 269 2427 tus
286 2366 410 2439 suerit,
434 2368 615 2434 Nobilitati
633 2380 697 2431 tuce
716 2366 882 2434 deerimus
899 2410 907 2429 .
931 2371 1050 2443 Nunc,
1168 2437 1171 2444 ,

218 2455 310 2534 quod
338 2454 504 2539 reliquum
527 2455 571 2517 est
584 2476 596 2532 ς
620 2454 775 2538 quoniam
802 2455 890 2516 salsis
905 2460 932 2522 ἃ
950 2455 1051 2539 pesti-

211 2539 292 2604 feris
321 2540 535 2626 opinionibua
569 2539 761 2611 damnatis,
784 2539 926 2603 hominis
952 2541 1049 2625 impii

213 2628 452 2713 perversitas&
475 2626 655 2709 pertinacia
679 2626 851 2709 frangenda
872 2626 939 2697 est,
963 2626 1050 2712 ipse.

210 2736 275 2798 que
306 2716 411 2778 acrius
439 2712 693 2798 insequendos,
727 2726 764 2774 ut
789 2711 911 2774 nefario
934 2712 1051 2778 fomite

213 2822 366 2868 errorum
389 2800 542 2876 sublato,
565 2800 623 2883 qui
638 2797 769 2863 abducti
784 2799 814 2860 in
832 2815 967 2880 pravum
981 2796 1053 2863 sen·

213 2888 307 2959 sum,
333 2893 462 2951 satana
487 2889 621 2976 perfidia
644 2885 719 2951 sunt
732 2928 744 2959 ,
767 2884 808 2947 ad
824 2882 976 2948 veritatis
1001 2905 1055 2948 re·

210 2977 370 3061 gulam&
399 2976 487 3041 viam
510 2978 731 3046 reducantur,
754 2976 925 3036 hortamur
944 2970 1052 3036 Nobi.

211 3065 351 3130 litatem
365 3078 455 3127 tuam
481 3062 514 3128 in
529 3064 704 3135 Domino,
727 3064 757 3129 da
771 3082 826 3148 per
851 3058 972 3125 viscera
988 3057 1053 3123 nri·

209 3151 398 3220 sericordiae
423 3152 488 3215 Dei
513 3153 613 3216 nostri
635 3148 869 3220 obsecramur,
892 3162 930 3211 ut
952 3144 1052 3212 semel

216 3239 398 3325 susceptam
415 3242 512 3313 huius
531 3235 717 3324 perniciosae
731 3236 815 3308 labie
829 3255 846 3298 a
861 3256 956 3320 grege
970 3232 1053 3297 fide.

211 3328 295 3391 lium
311 3328 538 3413 propulsandae
551 3348 659 3392 euram
677 3369 688 3398 ‚
711 3323 936 3413 provinciam,
949 3322 1054 3384 actio·

211 3433 352 3497 nemque
381 3416 421 3477 ad
438 3416 565 3482 exitum
583 3415 766 3503 perducas3
791 3410 949 3498 instesque
962 3406 1055 3472 omni

214 3513 273 3565 tua
296 3521 421 3588 opera,
445 3504 665 3575 auctoritare,
689 3500 884 3585 diligentia,
904 3515 940 3564 ut
954 3496 1054 3583 pesti-

214 3586 318 3658 lentie
333 3590 502 3668 bominit,
525 3612 728 3677 eorumque,
751 3588 808 3680 qui
831 3581 1050 3738 cumeossen·

966 3683 1050 3746 etant
