2542 4350
259 485 285 495 ν
378 447 602 516 EPISTOLAE
626 447 919 517 PONTIFICIAE·
1009 468 1071 517 ru

245 542 313 594 tun
341 552 451 620 parter
476 536 507 602 in
531 535 736 602 cohortando
759 558 822 601 noo
852 536 978 621 exiguo
999 539 1073 602 fue.

245 636 323 683 runt
347 663 356 684 .
380 625 497 710 ltaque
528 641 655 689 tautum
679 625 738 688 iiie
761 624 950 688 Christiane
976 626 1074 710 Reip.

243 705 425 774 damnanda
455 713 590 777 Lutheri
609 710 780 795 impietate
803 711 976 798 prestitit,
1001 725 1070 778 tam

240 797 408 878 magnifice
428 814 527 882 atque
540 798 694 886 preclare
720 799 950 863 auctoritatem
978 796 1069 864 suam

239 883 357 947 cererin
378 886 533 973 exempio
552 886 613 949 effe
638 886 768 958 voluit,
792 901 831 948 ut
855 885 939 948 nihii
962 889 1069 961 majus

236 969 306 1044 iit,
331 974 451 1054 quoda
469 973 613 1041 maximo
631 971 781 1058 Principe
801 973 969 1057 expectare
990 971 1069 1058 pos.

235 1055 369 1123 fimus.
404 1061 543 1145 Agimus
571 1058 672 1144 igitur
698 1058 836 1124 subiariu
856 1060 1004 1124 manibus
1025 1060 1066 1126 ‘in

233 1141 367 1208 coeium
382 1148 409 1213 St
424 1149 497 1213 Deo
507 1194 519 1224 ,
541 1152 570 1214 tr
587 1145 640 1210 ilii
654 1190 665 1219 ,
687 1144 917 1212 &Deuotiom‘
940 1161 1003 1209 tun
1014 1147 1067 1212 in.

234 1246 352 1310 gentes
366 1235 492 1318 gratia,
505 1255 586 1322 quac
599 1235 716 1298 referet
731 1235 793 1298 tibi
807 1234 939 1317 quidem
954 1238 1066 1313 Deuaf

232 1313 289 1380 sed
304 1323 332 1386 ἆ
349 1341 409 1385 oor
423 1336 557 1388 tuorum
574 1321 753 1385 officiorum
770 1342 843 1408 erga
856 1342 917 1386 nos
934 1341 1065 1385 memo·

233 1402 317 1468 riam
335 1403 449 1472 somus
462 1425 652 1495 perpetuam
671 1407 827 1473 inanimo
845 1409 957 1473 nostro
978 1427 1061 1472 con.

231 1488 394 1558 servaturi
407 1537 416 1556 ·
442 1500 616 1564 cernimur
640 1497 725 1562 euim
749 1499 779 1560 Sc
803 1494 1060 1581 cognoscimus,

229 1596 387 1658 qrrarrtum
404 1598 441 1646 tu
455 1585 697 1657 elaboraveris,
720 1603 784 1664 qua
798 1603 872 1649 cura
886 1602 978 1665 ,quo
993 1583 1060 1642 stu.

226 1666 309 1740 dio,
332 1686 452 1754 quanta
468 1672 642 1756 diligentia
656 1671 758 1734 fueris
768 1670 909 1734 adnixus
923 1715 936 1745 ,
949 1681 986 1730 ut
1004 1668 1059 1755 io·

224 1776 304 1839 geor
327 1757 448 1824 maium
469 1757 658 1846 perniciose
678 1758 828 1830 iraeresre,
851 1776 921 1841 que
940 1754 1053 1820 senfim

225 1844 435 1910 Germaniam
464 1867 593 1911 omnem
625 1890 636 1917 ,
671 1861 840 1926 tamquam
868 1841 1056 1930 pestilentia

221 1931 369 2014 quadam
399 1933 588 2007 inficiebat,
613 1932 687 2020 ipso
709 1934 842 1994 austore
864 1933 1058 2007 damnato,

223 2018 516 2095 comprimeretur,
544 2025 732 2105 Satanoeqne
743 2039 799 2106 per
816 2022 899 2083 hunc
915 2018 1053 2084 modum

221 2102 255 2169 in
278 2106 547 2194 fideiiumgreger
567 2110 740 2196 grassanti,
766 2110 965 2193 pessimorum
989 2109 1055 2171 ho·

218 2192 343 2259 minum
368 2196 578 2261 ministerium
597 2198 834 2285 surriperetur.
858 2197 940 2287 Qu·
965 2215 1056 2279 quo·

218 2281 305 2347 oium
328 2302 345 2344 a
359 2296 414 2356 te,
437 2284 513 2348 Deo
527 2285 680 2369 auspice,
702 2290 862 2370 caepta&
881 2305 993 2367 magna
1007 2302 1049 2349 ex

171 2389 189 2414 s
217 2384 310 2452 parte
333 2372 475 2435 confecta
501 2370 597 2445 sont,
622 2375 663 2437 de
691 2374 820 2454 reliquo
841 2374 895 2436 ctfi
923 2392 988 2435 non
1011 2387 1050 2434 ea

219 2455 430 2535 hortandum
453 2456 533 2522 satir
554 2461 641 2524 enim
666 2474 701 2522 te
724 2462 835 2523 eadem
857 2461 965 2522 virtus
991 2474 1048 2521 tua

215 2541 402 2628 religioque
424 2548 621 2610 adhortatur
646 2566 660 2621 ς
692 2560 802 2609 tamen
825 2546 1050 2611 Deuotionem

215 2642 308 2696 tuam
330 2635 503 2697 hortamur
531 2634 563 2697 in
592 2630 762 2706 Domino,
787 2647 825 2693 ut
849 2652 977 2716 pergere
994 2649 1053 2692 ea.

214 2717 289 2783 dem
315 2718 521 2792 constantia,
547 2720 757 2802 primamque
779 2720 884 2783 fracte
909 2722 939 2784 ἃ
954 2716 1048 2799 peni·

215 2819 273 2869 tur
290 2805 515 2871 exterminate
528 2806 712 2893 impietatis
731 2826 872 2889 querere
885 2804 947 2868 tibi
961 2795 1050 2889 apori

211 2894 323 2958 Deum
342 2897 372 2959 ἃ
402 2892 586 2959 universum
613 2892 771 2979 popuium
788 2893 854 2957 Dei
875 2913 939 2956 non
958 2892 1050 2978 post-

242 2998 345 3050 onas:
371 2980 402 3045 in
431 3003 498 3060 quo
511 2982 592 3066 quid
614 2997 668 3045 tua
684 2980 790 3046 virtus
802 2982 924 3048 efficere
936 2982 1049 3065 poffit.

212 3001 335 3132 icimur
349 3088 360 3143 ς
375 3069 416 3133 de
431 3070 556 3155 optimo
571 3070 746 3135 voluntate
760 3091 822 3135 non
835 3070 1040 3133 dubitamus.

211 3155 311 3220 Certe
326 3156 359 3218 id
374 3162 464 3241 quod
483 3159 668 3229 inteilieere
678 3174 774 3243 potes
790 3156 857 3243 ipse
873 3202 884 3228 ‚
906 3156 969 3222 erit
983 3160 1047 3219 hoc

212 3254 308 3306 tuum
329 3243 392 3309 tibi
409 3248 549 3311 officium
561 3252 591 3315 ἃ
604 3250 692 3332 apud
701 3248 808 3309 Deum
823 3243 1048 3322 frufiuoium,

209 3330 350 3412 &apud
376 3335 525 3400 homines
550 3335 756 3420 gloriosum
781 3335 875 3400 nobis
893 3356 973 3398 vero
998 3332 1048 3396 ita

212 3432 368 3501 gratum,
389 3435 427 3483 ut
453 3437 612 3506 quantum
644 3423 826 3490 Deuotioni
841 3440 904 3487 tun
927 3442 986 3506 pro
1004 3439 1046 3483 eo

211 3503 417 3581 debeamus,
442 3510 516 3573 ioco
530 3514 559 3577 Sc
574 3530 721 3596 tempore
735 3511 834 3572 fimus
859 3511 1048 3573 deciaratu-

213 3589 267 3656 ri:
293 3591 375 3660 srrut
396 3595 500 3663 latiur
532 3611 641 3664 tecum
670 3594 789 3667 Nuntii
813 3595 915 3664 nostri
939 3598 1049 3661 nostro

936 3678 1047 3773 npmi.
