2542 4350
212 468 258 554 33
388 457 581 533 nutonn
604 454 896 528 FLOREBELU

210 557 272 640 qui
295 552 377 620 nihii
402 555 434 616 in
456 551 525 616 vita
542 563 717 634 tantopere
736 547 944 634 concupisco
970 551 1045 632 atque

211 657 357 730 expeto,
379 637 463 706 nihil
489 636 573 700 tanti
603 637 798 703 faciendum
829 654 920 726 puto
933 683 945 715 ,
967 660 1043 725 quan

213 745 314 796 auum
327 730 442 815 tuique
465 724 650 800 flatilium,
674 727 737 790 hoc
760 727 811 792 est
828 728 1046 813 optimorum,

175 874 179 881 .
206 819 490 905 gravissimorum,
512 809 896 900 sapientiffimotumque
915 819 1047 882 Virorum
1084 810 1104 901 ‚'

216 905 364 975 studium
386 921 486 990 atque
501 900 660 980 iudicium
676 945 688 966 .
710 901 752 965 Id
768 923 835 988 ego
848 925 930 969 eum
943 909 983 970 ad
996 906 1051 970 aei·
1100 917 1105 998 ξ

223 995 273 1059 mi
297 997 375 1059 bene
397 1013 417 1057 a
441 1003 557 1059 natura
573 988 746 1054 constituti
771 992 993 1081 voluptatem
1014 999 1051 1070 iu-

219 1081 448 1146 rundiffimum
471 1080 580 1152 duco,
604 1090 676 1141 tum
693 1076 736 1141 ad
751 1074 896 1147 laudem
915 1124 929 1155 2
951 1082 1053 1168 &glo-

214 1169 304 1233 riam
328 1169 556 1257 ampliffitnum
580 1165 730 1242 judico.
765 1167 879 1252 quue
919 1191 973 1234 me
1007 1189 1054 1235 not

217 1256 328 1323 verbio
350 1258 453 1323 modo
476 1253 645 1342 profiteri,
670 1251 726 1318 sed
756 1256 878 1321 animo
892 1259 999 1323 etiam
1019 1260 1055 1323 ita

217 1341 340 1412 sentire
358 1359 396 1410 tu
408 1346 554 1433 profecto
567 1359 607 1403 eo
623 1355 772 1424 tempore
796 1343 995 1431 intelligere
1007 1367 1056 1435 po·

217 1433 340 1498 ruisti.
364 1436 437 1500 Non
451 1433 539 1498 enim
558 1425 618 1492 illa
642 1428 820 1507 conditio,
846 1433 892 1498 de
921 1453 986 1517 qua
999 1457 1055 1500 me·

222 1541 302 1588 eum
326 1522 535 1587 amantiffime
558 1517 698 1602 agebar,
720 1537 789 1584 nou
811 1520 1057 1606 premiorum,

219 1630 292 1695 que
324 1611 589 1698 proponebantur
619 1603 730 1692 sper,
768 1610 925 1674 animum
962 1630 1058 1675 meum

221 1717 357 1762 movere
371 1703 402 1767 u
423 1699 551 1764 neuere
572 1694 710 1780 potuit,
734 1692 790 1759 sed
819 1719 899 1763 cum
925 1699 1057 1765 maxine

221 1785 365 1860 letarer,
378 1807 429 1851 me
442 1786 500 1851 abe
513 1800 546 1849 te
559 1782 621 1849 tali
642 1781 717 1848 viro
729 1784 870 1870 dignum
884 1783 954 1850 itto
968 1786 1058 1859 loen,

219 1888 325 1956 etque
338 1889 454 1961 aptum
468 1872 521 1936 illi
536 1871 661 1938 muneri
673 1870 861 1951 iudicatum
876 1917 894 1951 ,
918 1874 985 1942 fine
999 1874 1058 1938 ulla

220 1961 436 2028 dubitatione
469 1957 657 2046 respondi,
687 1959 976 2045 quemadmodum
1000 1985 1060 2028 me·

220 2049 348 2116 minisse
364 2064 398 2116 te
410 2049 576 2122 arbitror,
593 2045 694 2113 maile
706 2068 758 2116 me
770 2048 862 2138 apud
874 2051 965 2117 bunc
978 2050 1061 2138 opti·

217 2157 316 2205 utum
331 2140 440 2205 virum
456 2184 468 2217 ,
487 2138 622 2204 &omni
637 2137 763 2206 virtute
782 2136 988 2227 preditum,
1009 2160 1061 2205 cu·

219 2233 276 2306 jur
299 2227 492 2313 jampridem
505 2224 538 2288 in
553 2226 614 2291 fide
638 2225 735 2291 effem
750 2270 761 2301 ,
785 2228 910 2311 ruique
921 2250 976 2293 me
988 2249 1061 2315 pro·

222 2317 336 2379 batum
358 2316 418 2378 esse
434 2312 660 2387 confiderem,
683 2313 736 2379 vel
761 2314 795 2379 iu
820 2316 919 2380 tenui
936 2317 1061 2384 fortuna

222 2417 323 2483 atque
347 2402 378 2467 in
399 2400 617 2465 remotiffirnis
638 2400 853 2487 regionibus,
877 2417 985 2488 quam
1000 2425 1065 2469 rna·

221 2490 327 2559 trimis
352 2488 527 2577 propositis
551 2490 694 2575 premiis
730 2490 764 2555 in
795 2489 857 2556 illa
881 2494 994 2559 ltaliae
1017 2493 1066 2558 lu.

224 2598 286 2652 ae,
313 2578 345 2644 in
370 2577 433 2646 ilio
456 2578 649 2669 ampliflimo
672 2577 771 2643 Urbis
793 2585 907 2649 Rome
935 2585 1068 2648 theatro

228 2666 366 2733 vivere.
390 2668 492 2748 Cujus
516 2691 566 2733 me
583 2667 647 2732 mei
671 2668 875 2736 confiliinon
889 2671 997 2735 modo
1011 2692 1069 2756 po·

220 2755 294 2826 ,stet
319 2778 461 2841 unquam
488 2755 667 2842 poenituit,
691 2753 748 2820 sed
771 2776 811 2822 eo
829 2756 989 2843 quotidie
1001 2760 1070 2827 sum

227 2844 334 2908 etiam
358 2846 583 2911 vehementius
608 2843 817 2910 delectatus.
842 2845 972 2913 Videor
985 2849 1070 2914 enim

231 2932 262 3000 u
286 2947 429 3017 patrono
452 2932 647 2998 meotidem
666 2974 677 3004 ,
699 2938 731 3003 St
753 2933 896 3000 officium
918 2934 1072 3002 debitum

233 3019 414 3102 :prestitiise
436 3062 447 3092 ,
470 3025 500 3086 ἃ
523 3019 585 3083 tibi
611 3019 663 3085 cui
687 3042 740 3089 me
758 3042 866 3108 eque
888 3034 994 3106 atque
1021 3024 1092 3091 illi>

229 3108 406 3192 probatum
442 3108 502 3171 effe
539 3107 638 3191 cupio
663 3109 810 3175 animum
836 3109 1073 3191 constantem,

230 3198 260 3262 bt
285 3192 409 3258 nullius
426 3192 470 3257 rei
496 3208 714 3277 preterquam
733 3199 997 3265 existimationis
1011 3204 1074 3267 bo.

231 3301 277 3351 ne
302 3286 562 3368 appetentem&
586 3282 743 3366 cupidum
768 3287 974 3371 probaviffe.
999 3290 1074 3357 Hec

232 3392 271 3440 eo
293 3369 573 3442 commemorari,
596 3374 626 3437 ἃ
651 3369 698 3434 fui
714 3371 1073 3465 longiorfquampu.

230 3473 358 3532 tarem,
381 3462 411 3527 u
428 3476 525 3541 quam
551 3457 681 3524 fortasse
696 3464 815 3528 neteffe
830 3464 915 3535 fuit,
940 3485 1005 3529 non
1022 3466 1073 3530 uti

235 3546 398 3633 gloriarer
424 3590 434 3619 ,
457 3545 549 3629 quod
573 3546 708 3613 minime
733 3550 834 3615 facere
861 3553 996 3627 debeo,
1021 3575 1074 3617 me

239 3637 384 3729 {unitum
412 3636 472 3705 effe
490 3654 623 3704 inuuere
646 3636 742 3721 probi
767 3637 910 3705 bominis
941 3641 972 3705 u
999 3642 1075 3789 offis-

997 3746 1076 3793 rior
