2542 4350
210 448 272 506 tri
354 439 553 513 JACOBI
586 438 898 509 SADOLE'I'I

211 531 246 595 ni
258 526 377 593 nitatis
403 544 464 591 tua
486 572 497 602 ,
522 546 585 611 qua
608 530 945 596 commemoratione
974 532 1041 597 nihil

211 616 309 681 nubit
334 616 377 677 eil
405 636 463 700 pro
480 618 585 679 nostra
610 615 735 681 summa
763 619 796 681 in
816 618 1043 697 Maiestatem

214 717 306 765 turm
326 703 547 767 benevolentia
560 704 733 780 iucundius
749 744 759 767 .
775 706 871 769 Eum
901 709 996 774 nobit
1007 708 1047 771 vi·

215 788 286 853 lum
313 790 357 853 eli
380 791 542 867 Maiestati
570 806 632 853 tute
659 792 923 859 commendare·
951 797 1046 878 Neque

216 877 270 939 illi
289 895 350 941 not
365 897 448 941 nunc
460 896 581 941 certam
601 899 665 943 rent
681 878 819 942 ullama
842 892 879 943 te
894 878 1046 965 petimur:

216 982 320 1043 neque
346 986 423 1028 vtro
446 963 511 1051 ipse
526 969 623 1030 hoca
650 967 746 1029 nobit
767 967 982 1051 postulavit,
1002 966 1047 1034 sed
1079 980 1081 987 ’

214 1050 357 1114 iacimus
372 1049 488 1138 sponte
504 1052 631 1125 nostra,
657 1066 693 1115 ut
707 1052 833 1136 quibus
851 1074 919 1117 not
932 1076 972 1121 ex
984 1055 1044 1119 aui·

216 1157 274 1200 nro
297 1140 377 1202 bene
394 1139 571 1217 volumus,
595 1139 714 1207 eisdem
731 1141 771 1201 ab
798 1140 884 1203 aliis
905 1138 1051 1227 quopol-

217 1223 315 1297 sunt,
339 1224 476 1290 limilem
495 1230 699 1307 voluntatem
714 1269 725 1301 ‚
741 1228 771 1290 St
791 1229 1052 1294 benevolentiam

220 1315 427 1395 requiramus
455 1355 464 1373 .
490 1316 565 1377 Erit
595 1316 694 1397 igitur
721 1314 819 1377 nobie
846 1317 1052 1382 vehementer

223 1400 409 1483 gratum,li
424 1401 505 1483 quid
521 1400 586 1486 ipse
605 1400 787 1477 Maiestatis
804 1416 872 1463 tuoe
893 1403 1052 1487 gratiam,

219 1486 387 1560 favorem,
409 1491 688 1552 humanitatemue
717 1488 964 1554 desideraverit
988 1534 999 1565 ,
1019 1503 1052 1552 ut

218 1574 245 1637 su
260 1592 457 1660 preteream
473 1576 726 1649 liberalitatem,
750 1594 854 1659 quant
868 1572 992 1660 sponte
1008 1590 1058 1641 tut

226 1662 395 1734 deferret,
419 1664 518 1729 etiam
535 1664 683 1729 ostendas
705 1681 859 1747 magnum
876 1665 943 1727 hac
958 1664 1056 1731 nostra

224 1752 509 1816 commendatione
531 1754 658 1838 pondua
677 1750 826 1815 acceffiil'e
848 1792 859 1813 .
884 1750 964 1817 Hoc
993 1768 1058 1817 tum

223 1854 411 1922 pergratum
436 1840 531 1903 nobis
555 1841 652 1905 luerit
664 1881 676 1912 ‚
699 1852 770 1901 turn
784 1836 957 1913 Maiestati
977 1856 1057 1913 tua,

224 1939 265 1986 ut
295 1925 427 2007 quidem
445 1928 640 1991 arbitramur
664 1922 971 2012 perhonorificum.
995 1930 1060 1993 Da·

227 2025 299 2074 tum
315 2016 425 2078 Rome
440 2016 525 2098 apud
540 2018 571 2077 S.
587 2018 715 2079 Petrum
729 2011 787 2077 sub
810 2012 941 2077 annulo
956 2012 1059 2079 Pisca-

226 2099 313 2163 torit
341 2101 394 2163 die
409 2103 623 2171 decimaJulii
639 2120 722 2166 anno
737 2116 776 2162 uu.
788 2116 827 2162 n.
841 2120 900 2166 xv.
919 2101 1059 2167 Pontifi-

226 2201 318 2252 catus
331 2188 433 2252 nostri
444 2208 526 2253 anuo
541 2190 666 2253 tertio.
994 2211 997 2216 ·

607 2277 749 2346 lacobus
764 2273 944 2365 tadoneus
963 2319 977 2340 .

257 2480 482 2550 EPISTOLK:
494 2481 677 2548 NOMINE
689 2480 950 2548 CLEMENTIS
967 2484 1048 2550 vn.

225 2660 335 2726 XCII·
424 2664 518 2729 Reor
541 2662 902 2726 cnutusruuumsruo.

322 2813 420 2879 llet'ie
431 2813 517 2878 Fili.
540 2816 613 2879 Non
640 2811 794 2874 habemus
816 2806 986 2870 bominem
1011 2829 1070 2873 ne·

335 2921 397 2981 que
413 2901 515 2985 magis
527 2897 719 2984 participem
729 2895 877 2959 omnium
889 2911 1067 2969 curarum,

229 2986 484 3055 &consiliorum
513 2987 723 3058 nostrorum,
747 3002 848 3065 neque
875 2981 930 3043 cui
955 2983 1066 3068 magis

231 3075 370 3136 fidamus
393 3073 575 3137 Vemfrat.
595 3074 721 3143 loanne
746 3070 902 3133 Mattbeo
916 3064 1068 3134 Giberto

235 3160 434 3231 Veronensi,
455 3161 622 3233 Datario,
653 3157 839 3225 &Prolato
862 3155 976 3217 nolito
1001 3155 1067 3219 do·

232 3244 392 3320 mellico,
411 3265 468 3308 nec
484 3269 562 3312 veto
578 3247 636 3330 qui
650 3245 842 3310 serenitatis
858 3258 919 3305 tua
932 3241 1067 3318 honori,

233 3331 382 3405 nomini,
407 3333 618 3417 amplitudini
643 3330 746 3415 magia
768 3331 919 3394 addictus
945 3330 985 3392 stt
999 3372 1011 3402 ‚
1026 3343 1065 3394 ut

237 3420 266 3483 ei
280 3438 342 3482 nou
362 3420 469 3483 miuus
486 3443 583 3505 quarn
601 3438 660 3485 not
676 3417 825 3504 pollit,8u
841 3418 957 3481 debeat
972 3421 1067 3480 Sere-

235 3506 321 3575 uitas
336 3518 392 3571 tua
409 3512 590 3574 confidere.
614 3508 646 3570 It
659 3524 737 3590 ergo
757 3505 901 3593 appr-ime
915 3500 1066 3580 constitut

232 3593 445 3689 §eleborum
469 3601 498 3672 δι
513 3594 744 3665 difficultatum
755 3594 959 3670 nostrarum,
976 3609 1064 3674 qua-¹

559 3735 562 3741 .
787 3701 790 3707 ·
977 3697 1054 3746 runt
