2542 4350
428 466 700 541 nersno
724 477 749 540 ι
774 456 832 540 a.
999 499 1040 562 ι,

211 558 367 623 nimirum
390 579 450 644 ego
473 581 602 644 quoque
619 581 729 646 parem
747 564 808 627 tibi
823 565 970 649 prestare
986 570 1045 633 be-

212 644 434 710 nevolentiam
466 665 563 735 arque
588 648 827 715 observantiam
841 655 944 718 debeo
959 697 968 716 .
983 659 1047 720 Ar.

214 756 276 821 que
293 739 371 808 baeu,
391 755 591 823 quamquam
615 759 677 802 oon
699 759 739 802 eo
760 759 841 803 ame
863 742 1017 805 dicuntur
1030 784 1043 816 ,
1118 767 1122 771 ·

212 844 281 906 quo
301 823 449 887 dubitem
472 870 483 899 ,
510 826 698 911 qusin‘mibi
726 849 785 914 pro
815 842 871 891 tua
890 829 1043 912 singulari

212 911 416 976 humanitate
439 910 566 982 aditunsn
588 913 727 978 libenter
757 918 798 977 ad
831 917 1042 986 amicitiam,

215 1018 306 1064 ruam
332 1001 371 1061 srs
397 1004 643 1085 praefaturus,
667 999 721 1065 sed
737 1002 847 1088 potior
861 1019 898 1067 ut
916 1004 1045 1070 intelli.

214 1109 295 1177 gas,
320 1089 530 1174 quoplures,
553 1095 581 1155 Se
605 1089 754 1164 justiores
779 1090 889 1156 causas
909 1094 1045 1156 habeam

213 1176 399 1261 diligendi,
422 1191 520 1260 atque
535 1175 728 1241 obseruandi
755 1180 805 1242 tui
817 1222 830 1253 ,
852 1183 914 1242 hoc
933 1181 1045 1244 verio-

213 1288 279 1331 rem
306 1265 365 1327 effe
384 1285 490 1329 meom
510 1267 541 1330 in
559 1280 593 1328 te
609 1283 784 1337 amorem,
809 1283 909 1350 atque
934 1264 1045 1332 obser.

212 1351 383 1419 vantium:
407 1365 515 1418 tamen
532 1355 635 1416 facere
658 1355 882 1436 nonpoffom‚
906 1354 983 1436 qnin
1011 1368 1044 1418 tr
1145 1402 1149 1407 ·

215 1457 347 1526 quoque
360 1439 523 1507 obsecrem
541 1485 554 1516 ,
576 1456 674 1523 atque
688 1443 828 1506 obtester
840 1487 861 1518 ,‹
876 1459 913 1505 ut
926 1462 1046 1527 quam·

213 1550 310 1617 quam
333 1526 395 1589 alia
413 1528 502 1593 nulla
518 1551 551 1592 re
574 1528 850 1594 conciliaretuam
876 1532 958 1593 mihi
985 1531 1044 1594 be·

212 1613 432 1684 nevoientiam
459 1621 590 1699 posim,
613 1630 828 1700 preterquam
854 1615 1045 1681 admirabili

209 1706 349 1791 quadam
363 1705 484 1767 amoris
501 1702 747 1787 magnitudine,
771 1718 878 1769 tamen
893 1721 925 1771 te
940 1704 1044 1778 mihi,

212 1797 258 1858 mi
283 1788 521 1878 prestantissime
559 1808 659 1872 atq-ue
687 1794 813 1876 optime
838 1793 940 1867 Pole,
965 1793 1047 1856 saci·

215 1881 280 1944 iem
307 1880 470 1963 prebeas,
494 1876 664 1962 libensque
689 1880 770 1943 mihi
799 1881 914 1956 soret,
936 1892 975 1943 ut
997 1881 1046 1944 ira

214 1970 347 2036 dicam,
376 1967 589 2032 amicitiaeue
614 1968 847 2032 benevolentiae
877 1983 940 2032 tna
961 1966 1048 2034 tese-
1160 1996 1165 2012 1

217 2076 269 2122 ras
285 2098 293 2118 .
320 2053 499 2120 Enimvero
519 2054 541 2117 sr
568 2074 624 2118 eor
639 2054 814 2122 dumtaxat
828 2055 944 2141 dignos
959 2055 1047 2119 ami.

215 2145 291 2211 ciria
307 2157 362 2206 tua
378 2141 437 2208 effe
464 2142 637 2217 statueris,
661 2142 718 2228 qui
739 2149 800 2211 ssot
814 2145 901 2221 tibi,
924 2144 976 2209 vel
994 2144 1046 2209 in.

214 2233 344 2320 genio,
368 2229 420 2294 vei
442 2232 589 2305 virtute,
610 2232 669 2298 vei>
696 2233 872 2299 nobilitate
917 2250 1010 2317 parer
1032 2276 1047 2316 Α,

213 2324 302 2394 erin,
328 2318 409 2384 mihi
431 2322 522 2385 crede
536 2363 546 2394 ‚
571 2321 667 2407 inops
683 2322 723 2384 ab
746 2322 886 2388 amicit.
909 2321 1044 2402 Etenim

214 2429 314 2493 quam
340 2407 439 2471 musti
454 2410 584 2472 tandem
597 2409 825 2493 reperiuntur,
849 2409 905 2492 qui
920 2408 972 2473 vel
990 2428 1048 2493 ge·

214 2518 288 2562 nete
298 2542 308 2573 ‚
332 2496 383 2561 vel
399 2496 553 2577 ingenio,
576 2509 676 2575 atque
690 2495 863 2569 doctrina,
886 2496 937 2558 nel
952 2495 1048 2559 deni·

215 2606 276 2660 qne
296 2583 364 2650 ulia
388 2583 511 2644 virtute
533 2578 564 2645 se
588 2579 648 2644 tibi
664 2580 804 2643 audeant
827 2580 1046 2665 comparare!

214 2673 303 2738 Illud
332 2668 465 2751 quidem
493 2665 555 2728 tibi
584 2664 771 2729 sansiiffime
795 2666 954 2751 polliceor
990 2680 1047 2731 at·

215 2782 278 2843 qne
303 2756 490 2844 promitto,
513 2768 552 2817 nt
568 2751 706 2835 reliquis
729 2754 826 2817 rebor
850 2756 890 2819 ab
908 2753 949 2819 iis
972 2753 1050 2819 vin.

217 2868 271 2913 ear
283 2891 296 2928 ,
311 2845 370 2929 qui
383 2858 414 2907 te
434 2840 547 2906 colunt
563 2856 699 2913 ‚amant
714 2884 724 2914 ,
740 2854 838 2925 atque
852 2840 1054 2917 observant,

219 2934 358 3019 quorum
386 2950 531 3015 magnam
549 2928 610 2993 tibi
628 2928 687 2993 effe
711 2930 836 3015 copiam
853 2951 912 3013 pro
924 2942 981 2994 tua
998 2930 1053 2992 di·

218 3023 367 3109 gnitate,
392 3038 427 3082 ac
441 3015 615 3081 nobilitate
639 3013 823 3102 persuasum
848 3019 973 3090 nabeo,
998 3031 1053 3080 ta·

219 3110 396 3179 meotide,
420 3125 557 3178 amore,
579 3117 678 3185 atque
693 3102 898 3170 observantia
919 3125 993 3189 erga
1020 3118 1054 3172 te

222 3219 332 3280 parem
353 3218 402 3259 me
419 3193 460 3256 iis
475 3236 484 3265 ,
498 3213 534 3255 ne
550 3192 655 3257 dicam
669 3190 1054 3280 superiorem,futurum.

222 3286 303 3350 Vale
330 3284 373 3347 mi
395 3279 630 3367 prestantissime
667 3299 703 3344 ac
728 3280 917 3346 nobisiffime
951 3278 1057 3345 Pole-

229 3369 477 3460 (iarpentoradii
498 3367 916 3440 v11.1d.Jan.noxxx1v.
