2542 4350
379 478 537 565 Onnms
568 483 913 569 ancnnnrow
992 512 1075 575 cxv

215 595 325 710 posse
353 597 532 683 accidere
558 599 749 688 institutis
768 601 1070 720 rationibusque

211 715 453 803 inimicitius
473 780 484 803 .
520 720 691 808 Etenim
710 722 780 837 qui
794 723 985 839 ¹primum
1004 753 1072 814 na·

212 860 309 923 tura
342 837 425 953 ipsa
457 868 552 925 vere
601 841 737 955 liber,
768 839 912 929 deinde
942 847 1073 937 etiam

213 979 355 1041 mente
385 983 508 1072 atque
552 961 691 1046 animo
723 961 857 1048 studiis
894 965 1072 1078 optima·

212 1102 306 1162 rum
339 1079 378 1162 8<
413 1079 798 1193 praclarillrmarum
827 1082 980 1168 artium
1006 1105 1068 1170 to·

216 1215 280 1280 tna
320 1194 510 1310 deditur,
550 1200 697 1312 cuique
736 1200 956 1318 prasertim
996 1219 1066 1289 ne·

214 1342 295 1428 que
333 1317 494 1405 honoris
533 1322 705 1406 ambitio
759 1349 832 1409 nec
863 1319 1064 1439 cupiditas

212 1462 309 1550 oper
339 1436 436 1524 facit
468 1441 696 1556 optabiles,
727 1440 793 1528 sed
811 1464 976 1529 tantum
1002 1469 1064 1528 ar·

213 1553 287 1639 dor
316 1557 483 1668 quidam
515 1561 710 1646 inhaerens
738 1565 778 1648 8<
810 1563 970 1677 penitus
1002 1561 1063 1648 in·

212 1673 307 1760 situs
339 1704 436 1762 eum
466 1676 518 1763 ad
533 1680 838 1794 contemplandi
870 1685 912 1767 8<
942 1680 1063 1766 intel·

214 1792 365 1907 ligendi
396 1795 671 1882 incredibilem
699 1796 919 1909 quamdam
952 1799 1065 1885 volu·

212 1936 373 2027 ptatem
403 1917 509 2030 rapit
527 1944 541 2027 3
561 1916 593 2002 is
622 1916 728 2002 ferat
750 1943 865 2028 aquo
896 1915 1063 2027 ammo,

211 2030 560 2122 frustuosrlsrmum
593 2034 729 2122 ocium
757 2031 1061 2150 impeditillimo

211 2157 411 2269 negocio,
450 2154 694 2245 suavitatem
733 2155 953 2265 libertatis,
985 2153 1063 2242 ser·

213 2274 354 2361 vitutis
385 2276 563 2381 molestia
592 2269 892 2363 commutare?
923 2274 1060 2388 Atqui

213 2395 440 2510 perstringit
470 2395 627 2482 fortasse
645 2397 779 2482 oculos
806 2393 941 2479 minus
960 2393 1064 2480 acri·

213 2534 277 2599 ter
315 2515 564 2602 intuentium
605 2512 724 2626 hujus
765 2511 948 2627 splendor
991 2514 1064 2596 ho·
1122 2625 1125 2629 p

212 2634 351 2747 noris3
381 2662 547 2749 angores
568 2661 665 2720 vero
697 2636 738 2718 8(
768 2627 1062 2743 solicitudines,

213 2781 303 2867 que
334 2754 468 2842 insunt
489 2754 531 2840 in
562 2780 612 2838 eo
642 2756 682 2839 8<
711 2748 857 2837 assidue
880 2750 1063 2861 haerent,

214 2902 310 2961 cum
342 2902 423 2962 non
454 2873 581 2961 cuivis
612 2872 654 2959 in
686 2895 881 2989 promptu
924 2870 974 2958 fit
1003 2867 1065 2957 di·

213 2992 398 3110 spicere,
428 2995 603 3081 curritur
633 2994 824 3079 certatim
847 2991 899 3080 ab
929 2989 1064 3078 homi·

213 3112 329 3200 nibus
367 3115 515 3201 leviter
566 3110 838 3227 judicantibus
875 3108 926 3199 ad
966 3137 1065 3198 eum
1141 3197 1149 3213 ,

214 3233 477 3323 ambiendum
514 3298 528 3344 ,
569 3231 967 3349 flagitandumqoe‚
1012 3227 1066 3316 de

212 3381 296 3467 quo
326 3382 398 3441 nor
413 3356 530 3472 plene
561 3355 683 3469 longa
699 3351 976 3440 observatione
1003 3374 1067 3434 re·

213 3499 307 3560 rum
348 3474 660 3588 antegreffarum
701 3499 859 3559 eramus
897 3464 1066 3576 edoni,

214 3592 318 3681 nihil
347 3622 396 3681 eo
428 3593 514 3681 fieri
544 3593 650 3710 polle
679 3593 845 3709 placata
885 3592 926 3677 &
958 3608 1069 3791 trapp-

934 3733 1007 3821 qur
1039 3728 1072 3789 κ
