2542 4350
512 477 556 564 V
583 502 601 562 1
631 504 663 564 τ
693 505 748 565 a·
952 483 1053 572 rxir

210 618 351 686 retur.
382 591 588 683 Libertate
617 621 756 685 autem
780 597 840 687 uti
872 595 924 685 stc
954 601 1050 689 sole·

209 720 312 828 bat,
345 737 390 801 ut
422 716 629 801 nerninem
646 746 693 804 ea
725 719 811 830 jure
842 720 966 834 posset
992 723 1050 808 os·

211 838 403 926 sendere.
434 836 629 923 Leniebat
661 838 771 924 enim
812 838 926 925 illam
956 839 1055 954 ejus·

211 957 326 1046 modi
356 956 545 1041 orationis
563 955 786 1068 modestia,
816 987 907 1072 quae
938 987 1054 1075 coge·

212 1081 284 1166 bat
316 1105 382 1161 eos
409 1075 548 1192 ips05,
576 1075 1056 1190 quibusadversaretur,

215 1200 257 1287 in
288 1197 487 1313 optimam
505 1219 666 1311 partem
698 1225 849 1311 ecqua
880 1197 912 1282 is
942 1197 1059 1284 dixis·

216 1320 311 1428 set,
343 1317 519 1432 accipere
545 1376 558 1400 .
587 1316 665 1405 Sed
705 1338 754 1403 ut
775 1317 981 1413 ‚amicitia
1013 1322 1055 1404 8<

218 1438 356 1555 gratia
388 1437 490 1522 nihil
509 1433 627 1521 dabat
645 1499 658 1546 ,
692 1465 787 1522 curn
809 1436 850 1522 id
874 1436 959 1522 fieri
978 1437 1064 1549 ejus

217 1558 314 1645 fides
346 1557 515 1641 minitne
543 1556 802 1669 patiebatur3
834 1555 893 1641 ita
924 1583 1063 1642 cume

218 1677 457 1790 Reipublica
489 1675 562 1756 esse
580 1674 796 1782 censebat,
826 1676 1064 1790 quempiam

224 1798 268 1882 in
296 1791 582 1913 amplissimum
608 1790 790 1886 ordinem
819 1792 973 1906 ascisci,
991 1815 1064 1897 aut

986 1913 1069 2002 alio

223 2111 365 2180 trabatur,
385 2129 442 2184 qnae
456 2112 487 2166 ad
501 2109 644 2167 catholice
659 2112 776 2167 Ecclesia
792 2109 889 2168 bonurn
901 2110 1066 2166 utilitatem.

221 2214 276 2268 que
294 2194 440 2247 conducunt
453 2210 462 2256 ;
482 2193 586 2263 quoties
598 2195 629 2245 de
646 2193 688 2245 bia
700 2205 818 2262 ageretur
831 2227 842 2260 ‚
862 2205 924 2246 tunc
937 2192 1067 2261 precipue

223 2275 317 2327 eadem
330 2275 480 2326 Sanonc'rr
500 2273 628 2338 libertae,
646 2284 725 2344 atque
742 2272 888 2326 constantia
903 2285 1066 2339 magnopere

188 2377 192 2384 ·
223 2353 349 2405 enituit:
368 2350 438 2419 qaod
457 2366 515 2402 curn
536 2351 628 2415 aliar,
648 2364 706 2403 rum
727 2352 889 2403 nominatim
909 2349 938 2401 in
961 2347 1071 2416 negotio

224 2432 260 2483 de
272 2429 408 2498 colloquio
420 2429 495 2479 l'auli
508 2430 563 2482 lli.
575 2428 717 2482 Pontificis
729 2446 787 2481 cum
798 2431 896 2481 carolo
909 2428 1008 2480 Cesare
1021 2426 1074 2477 ba·

228 2509 338 2573 hendo,
362 2504 520 2573 perspectum
535 2507 574 2557 est
589 2542 598 2558 .
622 2509 712 2573 Quum
725 2507 795 2557 enirn
822 2506 853 2555 de
870 2505 942 2556 Sacri
957 2501 1075 2571 collegii

229 2585 359 2639 sententia
374 2585 507 2634 decretum
523 2583 633 2649 sufflet,
656 2584 768 2652 ticaesar
778 2581 926 2634 Bononiam
946 2583 976 2632 ad
990 2583 1076 2633 colle·

231 2666 324 2736 quiunt
347 2662 379 2712 dc
400 2677 463 2728 pace
476 2659 621 2713 babendum
633 2662 724 2713 venire
742 2659 895 2726 recusaret,
916 2676 948 2711 ne
966 2658 1080 2712 ulterius

231 2743 383 2811 procederet
404 2739 456 2805 ipse
482 2739 611 2797 Pontifex
628 2755 640 2791 e
660 2737 731 2793 ratio
754 2751 841 2792 autent
861 2739 899 2791 ira
920 2737 1077 2789 decernendi

231 2821 303 2874 inter
325 2818 392 2871 aliae
407 2816 460 2869 brec
469 2817 554 2883 esset,
574 2818 643 2886 quod
657 2817 682 2868 id
696 2817 769 2869 Sedis
782 2816 934 2886 Apostolicae
947 2816 1073 2885 dignitati

229 2897 322 2953 minua
343 2896 483 2948 conuenire
504 2895 658 2963 videretur,
678 2893 801 2949 &Cesar
815 2899 937 2948 Parmam
957 2896 1034 2966 usqne
1048 2896 1076 2946 se

232 2975 376 3030 ostenderet
394 2973 549 3026 Pontificem
572 2973 686 3027 libenter
706 2985 897 3027 conventurum
916 3005 928 3038 ,
949 2989 1003 3024 nou
1025 2989 1075 3025 cu·

233 3066 290 3111 tern
311 3054 402 3113 ultra:
423 3052 441 3115 (
464 3068 603 3121 properare
628 3052 700 3105 enini
717 3052 877 3118 dicebatur,
897 3068 945 3105 nec
960 3050 1075 3118 spatium

232 3132 330 3187 babere
350 3139 405 3182 tant
424 3131 501 3198 longe
513 3131 547 3182 ab
569 3130 664 3184 itinere
677 3129 825 3185 declinandi
837 3139 853 3203 )
865 3148 893 3184 re
906 3130 935 3182 in
947 3130 1077 3198 discepta-
1095 3183 1100 3189 ,

235 3212 342 3265 tionem
356 3209 456 3261 rursum
472 3206 578 3261 adduiia
602 3209 631 3261 itt
649 3212 723 3262 sacro
736 3213 849 3277 senatu,
869 3210 984 3279 placeret
996 3226 1028 3260 nc
1039 3209 1083 3261 ul·

234 3290 321 3348 teriua
332 3287 441 3339 obviarn
458 3287 588 3355 procedi,
609 3302 642 3340 atr
655 3288 729 3341 non?
750 3290 864 3359 quinque
878 3288 999 3340 Patribus
1021 3298 1084 3340 ante

236 3370 425 3420 annotarunt
444 3365 544 3433 rogatio
561 3396 572 3431 ,
587 3366 614 3418 in
633 3368 762 3420 sententia
775 3366 882 3437 pristina
896 3366 1088 3432 manentibus,

235 3445 294 3514 ipse
313 3446 341 3496 in
356 3442 489 3495 contraria
504 3443 557 3496 suit
577 3461 584 3495 ι
606 3442 631 3493 dc
649 3447 680 3496 dc
705 3445 890 3499 incolumitate
909 3446 1029 3514 corporia
1043 3441 1085 3503 iu·
1126 3448 1128 3451 ’

233 3523 335 3576 dicium
356 3523 388 3573 ad
409 3522 529 3574 eutndetn
559 3521 714 3574 Pontificem
735 3523 856 3576 reiicietta
868 3543 877 3587 ;
898 3520 992 3584 eiua&
1012 3526 1088 3589 Apo·

232 3602 336 3655 stolicae
351 3600 583 3667 sediadignitatetn
597 3599 624 3650 in
638 3617 669 3651 eo
680 3601 751 3653 dixit
765 3600 904 3671 postramsst
917 3618 971 3670 que
982 3601 1013 3651 ad
1026 3603 1084 3651 En.

234 3693 307 3756 ropac
327 3694 421 3753 pacem
452 3675 629 3749 iuberent,
656 3695 764 3754 quaque
789 3679 929 3745 aotumda
950 3676 976 3730 dt
1004 3675 1084 3731 utilia

997 3752 1080 3812 Chil-
