2542 4350
261 500 485 572 hnlstonh
516 499 802 568 PONTIFICIAE.
895 536 953 589 ιιι

139 614 195 657 mo
208 597 235 661 dr
249 613 288 658 et
303 591 457 656 memoria
472 587 577 653 nostra
592 591 735 655 amissuri
748 589 858 659 sumus
871 643 879 660 .
892 590 962 666 lta}

139 704 202 767 que
226 681 373 747 &nostra
387 679 448 741 tibi
460 692 611 763 prompta
637 677 791 744 voluntas
821 689 849 749 dr
869 689 961 754 beni.

140 769 249 854 gnitaa
278 767 310 831 in
332 766 424 829 omni
440 765 603 828 occasione
621 765 731 831 futura
756 771 799 831 est
826 791 960 856 parata.

137 860 231 925 Nunc
248 853 339 938 quod
363 849 522 938 superest,
544 851 700 933 quoniam
718 869 755 917 ut
773 859 961 930 exarescant

139 942 204 1009 rivi
221 962 332 1006 omnes
350 959 516 1010 errorum,
529 937 602 999 fous'
615 936 681 1021 ipse
697 942 881 1027 impietatis
902 973 960 1034 pe.

139 1031 230 1094 uitut
253 1024 554 1096 excindenduaest,
579 1026 749 1093 hortamur
775 1031 960 1100 fraternita.

138 1132 204 1180 tem
220 1129 310 1179 tuam
325 1112 357 1175 iu
367 1114 538 1184 Domino,
562 1123 707 1194 utquam
729 1117 879 1185 adhibuit
893 1124 962 1186 vir.

138 1217 278 1268 tutema
302 1198 487 1288 principio,
510 1199 657 1262 eamdem
682 1203 825 1270 deducat
848 1209 889 1269 ad
903 1233 962 1275 ex.

139 1309 279 1355 tremum
292 1311 304 1368 ς
329 1303 368 1349 ut
391 1291 454 1364 jam
472 1285 618 1352 omnium
645 1293 830 1359 confessione
849 1297 961 1360 nefarii

139 1381 169 1443 dt
187 1373 388 1443 contumacis
402 1372 543 1437 haretici
556 1374 690 1440 Martini
706 1399 761 1443 nec
772 1402 888 1445 nomeu
905 1404 962 1448 net

137 1466 309 1550 vestigium
328 1464 413 1526 inter
440 1459 551 1525 fidelea
568 1464 711 1550 populos
732 1468 765 1531 in
788 1471 963 1534 Germania

139 1554 311 1625 consistatt
336 1552 368 1613 in
381 1566 448 1632 quo
460 1547 623 1633 optimum
636 1555 668 1618 tr
684 1554 964 1620 coustantiffiruum

137 1640 297 1704 habemus
320 1633 475 1702 cesarem
489 1656 501 1710 3
525 1631 579 1697 sed
594 1642 622 1700 ἃ
638 1651 695 1700 tua
708 1642 884 1703 autioritas
901 1662 963 1708 non

139 1726 302 1791 mediocri
315 1725 505 1800 adjumento
523 1720 711 1787 Christiane
723 1726 817 1811 Reip.
831 1731 890 1790 esse
905 1749 966 1813 po·

139 1813 226 1886 test,
251 1829 289 1878 ut
304 1812 437 1894 quidem
455 1813 520 1884 iam
545 1811 632 1873 fuit.
657 1811 757 1900 Quod
778 1814 963 1899 supremum

137 1903 205 1978 jam
225 1901 257 1965 in
273 1898 366 1964 causa
378 1898 438 1960 hac
452 1895 593 1960 officium
609 1899 677 1961 tuin
692 1901 833 1983 pristinis
848 1902 965 1967 multia

137 1989 168 2051 dt
193 1988 376 2052 ustionibus
399 1983 558 2050 &offitiis
583 1982 703 2050 summi
725 1989 834 2052 meriti
850 2011 966 2053 cuntu-

141 2072 212 2137 lum
236 2076 437 2152 adjetirrrum
466 2072 536 2148 est3
559 2073 642 2138 srcut
666 2095 739 2138 eum
762 2077 967 2143 fraternitate

137 2174 196 2228 tua
217 2163 381 2251 eopiosrue
407 2159 523 2225 Nuntii
546 2161 645 2225 nostri
670 2161 779 2226 nostro
803 2163 963 2234 nomine,

137 2266 259 2403 ἵξεαι,
282 2254 404 2405 qpaibua
428 2246 537 2401 fidpenit
547 2248 698 2315 habebit.
724 2254 851 2318 Datum
876 2254 963 2318 Mal.

157 2360 233 2407 rane
251 2361 284 2416 4.
340 2346 382 2423 ajr
400 2355 458 2415 152
483 2378 493 2399 ·
540 2355 604 2402 nno
619 2356 734 2402 nono.

144 2544 277 2612 Lxxx.
323 2546 497 2608 Gaouuro
518 2542 622 2605 Ducr
647 2544 836 2606 sexuum.

240 2686 338 2753 lutae
354 2686 415 2751 filii
429 2689 488 2753 Suc.
511 2683 579 2748 Era
603 2702 667 2747 uon
684 2683 876 2751 dubitamua
897 2691 971 2754 Νο·Ι

251 2774 414 2839 bilitatem
449 2787 539 2838 tuam
565 2790 628 2853 qua
660 2769 763 2857 toepit
787 2771 910 2839 virtute
937 2777 971 2843 ia

141 2861 237 2928 eausa
253 2906 264 2934 ,
287 2867 316 2929 dr
332 2860 424 2926 fidei
438 2859 636 2934 Catholicae,
650 2862 678 2923 ἁ
694 2862 779 2925 s.R.
795 2862 838 2924 E.
851 2863 971 2927 adver.

144 2948 198 3015 sus
214 2949 418 3035 impietatem
432 2967 542 3011 eorum
559 2990 569 3021 ,
593 2945 649 3030 qui
665 2948 808 3012 &novae
827 2949 971 3015 excitare

142 3036 311 3111 hereses,
344 3040 372 3102 a
399 3050 524 3101 veteres
551 3054 587 3097 ae
615 3035 787 3098 damnatae
819 3056 970 3103 revocare

149 3140 333 3197 tonantur,
356 3120 582 3197 defendenda,
605 3121 721 3187 eadem
734 3118 837 3203 usque
857 3126 897 3187 ad
912 3146 973 3190 ex.

143 3224 283 3277 tremum
306 3210 583 3295 perseveraturam
605 3230 618 3287 3
641 3207 748 3274 visum
770 3221 879 3275 tamen
908 3212 973 3277 snit

146 3300 242 3363 nobis
262 3317 344 3363 nunc
359 3321 430 3362 cum
443 3311 575 3380 ternpus
597 3297 740 3363 maxime
751 3313 974 3383 opportunum

144 3385 255 3458 adest,
279 3404 409 3466 operam
424 3388 454 3451 dr
469 3383 698 3449 auctoritatem
715 3397 804 3447 tuam
821 3398 859 3447 ut
875 3386 974 3449 adhi-

148 3470 240 3533 berea
267 3470 309 3531 ad
336 3471 530 3535 refellendos
556 3471 699 3554 impetrat
721 3472 852 3534 istorum
881 3473 975 3557 ,qui

146 3576 210 3642 pre
227 3554 282 3620 sua
296 3558 327 3622 a
352 3555 533 3619 ambitione
561 3561 589 3622 dr
607 3556 717 3637 iniqua
732 3556 895 3624 iracundia
916 3578 978 3645 pa·

148 3663 217 3710 cern
247 3644 463 3731 perturbare,
494 3641 621 3712 zizania
644 3641 975 3720 seminaremmnia..

882 3751 973 3800 acer·
