2542 4350
211 460 280 512 aon
431 434 828 507 urrunnu}
1088 396 1111 509 i

390 660 735 729 cunutus
786 656 875 728 vn.

216 844 341 928 cxlx
387 802 476 907 bu.
498 840 574 904 fre.
598 840 721 902 Acrro
746 840 936 908 srucnuo

501 931 772 1001 Sauuaznnro,

210 1156 294 1313 D
308 1151 407 1220 neae
424 1147 472 1213 fili
486 1146 628 1216 salutem
642 1152 673 1217 ἃ
687 1147 920 1236 Apostolicam
935 1148 1060 1218 benedi·

320 1242 485 1305 ctionem.
510 1239 708 1323 Accepimus
737 1237 862 1302 tibrum
889 1241 1061 1325 gratiffimo

217 1350 384 1399 munere,
407 1349 506 1408 quem
533 1340 569 1388 tu
591 1328 634 1389 ad
648 1347 710 1390 noe
730 1326 770 1391 de
783 1328 894 1396 Dei&
912 1331 1060 1395 Dorum

214 1417 365 1485 Bostar
384 1417 470 1487 Jnsu
493 1416 653 1480 cumen
676 1417 774 1479 rebus
798 1412 967 1504 scriptum
984 1419 1061 1481 mifi-

219 1505 284 1579 ὑὶ,
308 1512 403 1584 cujux
424 1520 655 1590 argumentum
669 1503 860 1590 preclarum
886 1520 992 1591 atque
1008 1526 1062 1570 no·

218 1593 313 1671 bile,
329 1612 430 1680 qunm
451 1594 484 1658 in
498 1603 532 1654 te
544 1611 656 1678 parem
669 1592 817 1658 ostendat
837 1593 944 1658 animi
962 1592 1064 1680 pieta·

217 1694 291 1746 tem
309 1730 321 1760 ,
344 1701 444 1766 atque
467 1680 589 1764 ingenii
606 1680 768 1766 gloriam,
783 1681 888 1765 fitque
904 1682 939 1748 in
951 1704 993 1748 eo
1008 1703 1065 1746 no·

220 1790 296 1833 men
310 1792 443 1856 quoque
456 1769 599 1832 nostrum
612 1771 654 1831 ad
669 1769 861 1834 memoriam
876 1791 996 1834 eorum
1009 1771 1063 1855 qui

224 1855 346 1926 lecturi
369 1860 472 1932 sunt,
494 1858 553 1942 qui
573 1858 710 1942 quidem
726 1858 986 1924 innumerabiles
1013 1861 1064 1922 fu·

222 1951 296 2012 turi
320 1947 397 2014 sunt
416 1949 452 2012 in
467 1946 565 2032 longa
586 1946 796 2034 posteritate,
810 1945 1063 2014 immortalitati

218 2038 311 2116 quati
339 2035 631 2112 commendatum3
653 2035 797 2102 muneris
819 2033 870 2097 tui
894 2036 1062 2121 magnitu-

218 2122 331 2191 dinem
345 2130 408 2189 hoc
423 2123 529 2208 magia
553 2123 715 2189 sentimur
739 2167 751 2196 ,
774 2124 865 2208 quod
887 2128 1063 2206 quomodo

217 2235 330 2301 parem
346 2214 524 2277 referamus
541 2212 706 2295 gratiam,
721 2215 837 2276 habere
852 2231 914 2276 noe
931 2233 996 2278 nou
1008 2236 1062 2280 ar·

217 2302 378 2364 bitramur
404 2343 415 2360 .
439 2297 473 2359 Si
497 2300 583 2363 enim
616 2298 858 2365 immortalitas
884 2316 1004 2386 optata
1033 2308 1063 2371 ἃ

215 2404 308 2474 grata
323 2389 367 2451 est
387 2383 574 2461 omnibus,
597 2387 657 2471 qui
681 2386 858 2473 prasertim
878 2390 1065 2457 animove·

216 2479 342 2561 getiore
364 2491 465 2560 atque
494 2475 650 2543 cremore
677 2479 740 2541 sint
753 2521 763 2553 ‚
788 2497 970 2566 permagno
990 2479 1066 2546 sunt

215 2566 315 2632 illiue
334 2580 444 2655 partes
460 2565 557 2631 nobit
574 2587 593 2631 a
615 2580 650 2631 te
662 2568 823 2634 tributo·
847 2564 1066 2652 Qamquam

217 2660 307 2721 enim
331 2677 369 2719 ea
385 2655 430 2719 est
442 2658 627 2745 appetenda
651 2656 818 2733 manime,
848 2654 970 2740 illique
995 2658 1067 2726 ela.

218 2745 405 2812 horandum
432 2746 615 2833 precipue,
640 2767 709 2831 quae
728 2745 799 2834 post
824 2740 1001 2812 disceffum
1025 2768 1068 2813 ex

221 2836 282 2899 hac
300 2836 368 2897 vita
383 2833 438 2909 ,in
454 2832 513 2895 ilia
537 2835 640 2900 altera
658 2836 727 2901 vita
745 2834 836 2900 felici
848 2837 877 2899 St
889 2830 1070 2921 sempiter-

219 2935 262 2985 na
275 2944 337 2986 nos
351 2942 423 2986 cum
437 2922 514 2984 Deo
531 2922 603 3009 ipso
615 2925 784 3001 collocat,
809 2936 919 2987 tamen
944 2944 986 2990 ne
1000 2930 1068 2989 hac

217 3011 353 3089 quidem
376 3029 438 3071 non
466 3009 604 3075 libenter
632 3010 862 3085 adsciscenda,
889 3029 960 3094 quae
986 3034 1069 3100 pro-

217 3098 312 3161 ducit
334 3096 375 3154 ad
398 3097 543 3178 posteros
567 3099 668 3163 nostri
686 3100 830 3164 nominis
856 3105 1068 3184 perpetuita-

218 3203 309 3249 tem.
335 3185 399 3245 Pro
414 3201 477 3264 qua
491 3184 548 3266 qui
571 3186 666 3250 iliam
687 3188 850 3251 coeletiem
867 3190 896 3251 dc
910 3189 1067 3259 divinam

218 3270 509 3335 immortalitatem
524 3292 587 3336 non
604 3274 699 3358 piane
720 3291 970 3358 cognoverunt,
995 3297 1070 3344 ma·

217 3360 321 3425 ximis
344 3356 423 3443 saepe
443 3374 551 3423 tamen
565 3362 834 3427 contentionibus
858 3367 888 3430 dc
909 3369 1070 3434 acerbiffi·

218 3450 284 3513 mis
307 3446 553 3511 discriminibus
570 3449 675 3514 vitam
689 3456 718 3518 a
732 3466 829 3539 caput
850 3450 945 3518 suum
971 3460 1069 3536 objeb

218 3559 310 3605 cere.
338 3536 441 3620 Quod
467 3539 610 3624 profecto
624 3561 689 3605 non
710 3541 853 3608 feciffent
868 3587 879 3616 ‚
904 3545 962 3607 nist
977 3566 994 3607 a
1009 3563 1070 3608 ua·

227 3641 302 3696 tura
319 3627 389 3717 ipsa
409 3627 598 3728 admoniti3
621 3627 787 3700 summum
810 3630 980 3723 quoddam
1004 3635 1068 3695 bo.

226 3737 230 3748 “
520 3767 529 3787 r
568 3766 572 3772 -
979 3738 1069 3790 vum
