2542 4350
458 478 501 565 V
530 500 609 564 rr
639 500 698 564 a·
886 505 998 570 rxxv

157 590 393 685 amiciffime
423 592 462 681 ei
493 597 659 684 lcribere
690 594 794 684 soliti
825 597 1004 711 fuerint,

157 722 200 806 dc
230 715 378 834 gratias
413 743 530 833 agere
556 721 646 922 ,dir
678 720 1001 925 Procuratofibus

625 867 648 924 2
907 867 998 952 urs,

153 1050 178 1089 „
198 1014 226 1070 in
242 1014 353 1088 prandio
374 1013 451 1068 esem
470 1044 482 1084 ,
501 1014 577 1069 aride
598 1015 724 1085 perlegi,
744 1018 837 1073 cursim
850 1015 1001 1071 ridellum

153 1129 178 1169 „
199 1100 335 1166 Quantum
348 1105 438 1148 tamen
455 1112 489 1148 ex
509 1094 560 1148 illo
578 1095 668 1164 primo
687 1096 787 1164 aspeiiu
801 1096 932 1166 percipere
946 1111 1003 1165 poet

154 1207 179 1245 ,‚
199 1175 238 1229 tul
259 1207 271 1241 ,
291 1175 346 1225 dun
370 1188 412 1225 me
425 1170 466 1226 'ree
486 1173 516 1225 in
533 1189 566 1226 eo
584 1175 683 1226 eximie
699 1173 861 1229 delesteruor
880 1207 890 1226 .
911 1176 1000 1240 Una,

153 1284 177 1322 ,‚
198 1256 266 1324 quod
291 1249 387 1322 ubique
405 1252 490 1317 scre,
517 1248 543 1302 ἃ
564 1252 734 1305 unriurein
756 1253 852 1320 locie,
882 1251 998 1304 stimulis

150 1364 176 1400 „
196 1330 350 1402 quibusdem
371 1328 479 1397 pictatia
497 1346 527 1381 ac
549 1329 688 1398 religionir
699 1346 733 1383 ex
757 1330 844 1384 cerbic
861 1329 917 1383 tuia
937 1329 998 1382 ani.

150 1440 175 1478 „
196 1425 268 1463 mune
282 1423 369 1462 meum
392 1407 536 1476 pertentari
548 1408 712 1462 sentiebern:
733 1410 772 1464 ita
783 1409 867 1462 dulcir
887 1404 911 1457 de
926 1408 996 1476 pia,

150 1518 176 1556 „
196 1503 225 1539 ec
245 1502 338 1539 omnen
358 1485 487 1539 deliniene
507 1487 595 1538 senine
623 1486 722 1540 sinebat
745 1487 834 1540 orario
858 1523 867 1540 .
901 1486 995 1538 Altere

149 1596 174 1634 „
194 1567 263 1635 quod
282 1578 313 1619 en
333 1563 361 1615 in
375 1562 423 1616 boc
444 1581 535 1632 genere
548 1562 630 1617 selim
642 1581 669 1616 ee
690 1565 848 1623 constantior
870 1564 994 1617 adversare

149 1673 173 1711 ,‚
194 1641 346 1711 ineptorum
367 1640 506 1694 hominum
524 1643 694 1710 garrulitates
717 1660 772 1697 non
794 1657 849 1696 rem
873 1643 994 1694 refuten-

148 1752 173 1788 „
192 1720 241 1772 dae
255 1736 334 1791 quum
351 1720 578 1771 contemnendae.
600 1721 677 1786 Quod
696 1737 746 1787 ego
760 1733 787 1772 te
810 1719 943 1788 prioribus
956 1718 995 1770 li·

148 1827 173 1864 „
195 1797 262 1849 teria
282 1813 340 1848 cum
354 1794 478 1849 bortnber
496 1827 508 1860 ,
529 1795 626 1846 idcirco
646 1795 683 1847 mi
707 1798 812 1849 Erel'nrc
832 1796 994 1861 faciebam,

146 1905 173 1942 „
192 1876 263 1942 quod
277 1884 329 1927 tn·
347 1889 389 1925 nae
401 1871 541 1939 digniterie
563 1872 676 1925 studiana
695 1870 720 1923 dr
741 1890 803 1927 cure
815 1873 965 1926 stimulabat
980 1904 993 1926 ·
1031 1871 1034 1877 ’

145 1983 171 2019 „
192 1953 349 2021 Quanquam
361 1949 433 2003 enirn
446 1949 463 2007 (
472 1963 502 2004 nt
514 1961 544 2004 tu
562 1949 682 2020 scribie)
703 1951 784 2005 altiur
805 1951 881 2004 viriie
899 1951 994 2003 indor-

142 2059 169 2096 „
189 2028 302 2084 nrienrec
318 2030 432 2082 clamare
445 2028 559 2097 asperim
571 2028 713 2098 eliquendo
727 2029 757 2083 lit
770 2029 885 2095 urredi,
898 2042 990 2084 tamen

143 2137 169 2175 „
189 2106 217 2158 id
231 2107 270 2160 ira
292 2122 393 2175 egere,
412 2117 443 2159 ut
461 2120 515 2158 non
529 2122 544 2157 a
557 2105 689 2158 iiornecbo
708 2124 790 2178 neque
808 2109 841 2161 ab
854 2107 991 2163 iracundie

141 2216 166 2253 „
187 2184 330 2239 illiusmodi
343 2181 508 2254 reprebendo
520 2181 636 2253 pronae
658 2185 706 2238 effe
726 2186 847 2240 videatur
858 2219 870 2253 ,
891 2186 907 2239 sr
927 2187 989 2240 cui.

142 2294 170 2330 „
189 2279 287 2335 quam,
306 2264 356 2319 tibi
372 2260 488 2333 profesto
508 2264 657 2317 convenit.
678 2265 749 2318 lllud
769 2277 857 2319 eutem
877 2267 988 2319 censue·

141 2371 166 2408 „
186 2342 238 2394 rim
249 2357 328 2409 ,cunr
341 2340 394 2403 iam
408 2353 513 2409 accepta
525 2343 606 2410 vulgo
619 2344 736 2411 quedem
746 2345 796 2398 sunt
806 2378 816 2410 ‚
826 2361 881 2414 quc
894 2345 987 2412 suopte

140 2450 165 2486 „
186 2431 280 2472 natura
301 2420 339 2473 ita
352 2420 470 2472 redolent
483 2418 631 2487 pietatem,
653 2433 682 2472 ut
701 2423 785 2474 solurn
799 2422 828 2473 in
847 2422 985 2492 eic,quod

141 2527 167 2562 „
186 2497 298 2551 nimium
312 2499 370 2562 eli,
390 2497 548 2551 subaccuseri
568 2498 637 2565 polle
659 2498 780 2551 videatur
802 2496 986 2561 (cuiusmodi

139 2602 165 2640 „
184 2572 219 2626 eil
234 2574 384 2627 sanbiorurn
405 2574 522 2645 quaedam
545 2574 684 2627 veneratio
706 2574 730 2625 dt
754 2573 912 2643 piiiurerntn
926 2592 986 2628 cre·

138 2681 163 2717 „
184 2650 267 2704 briter
277 2659 293 2723 )
303 2668 358 2705 norr
370 2654 418 2705 else
430 2650 600 2719 popularibue
613 2651 702 2704 ssndiic
714 2652 883 2705 obsistendum
898 2688 906 2705 .
918 2657 985 2708 Nora

138 2758 162 2796 „
183 2729 247 2799 quin
269 2727 364 2783 redire
378 2731 409 2783 lit
430 2727 509 2797 figere
522 2730 551 2781 in
571 2728 678 2782 Christo
698 2730 889 2798 cogitationum
912 2732 986 2783 sum·

137 2836 163 2873 „
184 2823 253 2860 mam
264 2839 276 2874 ,
297 2809 339 2860 sed
362 2824 444 2879 neque
462 2806 509 2859 iile
531 2823 547 2859 e
566 2805 616 2859 fide
636 2807 722 2861 nostra
739 2810 826 2862 aliena
847 2810 906 2863 sunt
925 2841 936 2874 ,
955 2807 984 2862 k

135 2913 161 2952 „
183 2899 237 2936 non
255 2898 354 2956 queunt
372 2901 466 2938 ornnre
483 2885 514 2937 ed
539 2886 695 2940 sublimiore
718 2887 765 2939 illa
790 2887 867 2940 facile
890 2888 982 2941 ascen-

133 2992 159 3029 „
179 2963 241 3015 dere
257 2996 307 3030 ‚,.
329 2964 435 3032 Quodsi
453 2953 513 3034 'quie
525 2978 648 3034 regerat,
669 2966 765 3018 leniter
784 2967 865 3019 nimie
887 2983 903 3019 e
924 2968 980 3019 Sa·

136 3053 261 3095 nocero
281 3041 400 3096 hocloco
416 3042 491 3095 illurn
503 3045 637 3096 Erasmum
653 3044 827 3113 reprehendi,
847 3046 904 3097 imo
916 3060 980 3113 pro-

135 3118 191 3171 rore
210 3120 331 3187 laudari,
351 3139 427 3193 quern
446 3123 476 3174 dc
492 3120 652 3176 'Sardorum
672 3125 840 3177 veneratione
859 3156 870 3189 ,
889 3125 920 3175 dc
940 3125 981 3176 se·

132 3211 238 3251 ererum
252 3198 397 3267 imaginum
410 3203 503 3266 cultu,
523 3202 554 3254 de
568 3205 743 3270 purgatorio,
762 3204 844 3273 deque
857 3199 980 3262 huiusce·

132 3276 207 3327 modi
229 3277 345 3330 Ecclefiar
359 3278 503 3333 Cetlrolice
521 3281 711 3349 dogmatibus,
732 3299 867 3351 perperam
881 3280 980 3333 sensrlse

130 3353 234 3407 conflet
264 3358 486 3419 ;anlmedverrar
509 3376 638 3413 unacum
663 3362 726 3415 Lud.
756 3352 980 3413 Doniod'rtri·

130 3430 206 3498 city,
227 3434 412 3492 Suooannuer
433 3437 469 3490 ibi
483 3450 571 3506 aperte
588 3439 695 3504 dicere,
716 3439 791 3491 iniis
809 3439 892 3490 solum
905 3435 977 3508 quod

129 3508 247 3563 nimium
274 3513 309 3566 eil
330 3515 494 3583 subaccujbri
519 3517 609 3584 posse:
630 3550 654 3582 ,‚
676 3518 753 3583 Quod
764 3517 831 3567 idem
855 3515 889 3568 erl
909 3511 977 3566 eci

128 3615 153 3654 „
173 3587 273 3645 diceret
286 3592 322 3658 ,(
337 3595 420 3664 inquit
431 3592 675 3663 andernacum)
694 3610 854 3665 nequaquam
869 3589 975 3644 seniio·

126 3693 153 3737 ,‚
174 3681 254 3744 ruer,
274 3687 416 3753 utruque
434 3671 583 3748 inapiaun
594 3672 747 3749 religiosum
761 3673 864 3733 culrrn
878 3683 975 3812 hrergf·

899 3760 931 3805 bil
949 3761 981 3817 l,
