2542 4350
360 502 401 565 μ
509 473 718 565 incon!
752 469 1054 540 sADOLETt

353 591 418 654 que
445 568 534 632 aruo
569 566 779 651 cognationis
816 565 948 628 vinenlo
979 559 1166 638 conjunctio
1193 609 1198 642 r

351 655 533 745 praesertim
564 655 597 717 in
625 651 757 734 justitia
789 655 980 718 executione
1004 650 1105 713 deelie
1132 673 1198 720 non

355 749 537 833 polimius,
564 743 652 808 Cirr.
677 759 738 804 tua
757 763 810 826 per
833 745 899 804 htec
919 737 1037 823 stripta
1064 743 1198 805 manda.

353 855 455 908 mus,
479 847 641 917 quatenue
658 833 747 918 apud
770 828 977 906 catholicam
996 827 1198 902 Maiestatem

354 923 436 987 diui
452 920 551 1004 Regis
567 962 576 990 ,
601 942 659 1009 pro
672 918 924 1004 expeditione,
949 928 1048 998 atque
1078 937 1198 980 execu-

355 1010 447 1076 tione
466 1010 595 1089 justitiae
624 1008 786 1071 ditiorum
816 1004 937 1076 Marii,
961 1010 989 1068 ὁὶ
1014 1004 1164 1068 Fratrum
1187 1047 1198 1081 ,

357 1100 467 1163 nostro
486 1097 616 1160 nomine
630 1096 727 1159 instet
741 1139 751 1169 ,
765 1113 945 1174 eorumque
958 1086 1086 1154 causam
1102 1092 1198 1159 omni

355 1209 419 1272 ope
438 1190 554 1262 juves,
582 1181 743 1266 latiasque
761 1182 822 1247 suae
840 1179 998 1256 Maiestati
1013 1196 1110 1262 quam
1129 1179 1198 1244 eui·

356 1278 478 1340 xiffime
496 1272 786 1348 commendatam,
805 1285 842 1338 ut
861 1289 930 1352 que
945 1289 1000 1353 per
1014 1266 1106 1329 uiue
1124 1267 1198 1330 Mt·

356 1361 480 1444 jestatiu
499 1363 515 1432 J
521 1360 631 1423 udices
650 1404 659 1433 ,
684 1360 763 1437 juste
785 1359 929 1435 judicata
955 1355 998 1417 est
1010 1399 1022 1430 ,
1047 1351 1110 1418 suae
1126 1367 1198 1420 tatt-

357 1452 432 1514 dem
451 1447 655 1513 executionis
674 1447 824 1511 debitunt
840 1444 997 1511 sortiatur
1018 1444 1169 1507 effectum
1188 1465 1198 1523 ,¹

359 1539 394 1604 in
410 1555 477 1621 qun
496 1536 583 1601 Circ.
595 1549 677 1612 tua,
700 1539 730 1600 u
744 1536 872 1615 justitie
887 1552 1016 1621 operam
1032 1527 1151 1607 dabit,
1165 1545 1198 1600 m

362 1628 461 1690 debet
477 1668 487 1695 ‚
510 1627 540 1689 u
558 1623 652 1688 nobis
669 1647 737 1687 rem
751 1643 851 1709 quam
865 1623 1069 1708 gratillimam
1084 1619 1198 1684 faciet.

361 1714 504 1796 Reliqua
533 1755 543 1786 ‚
568 1712 589 1774 n
618 1732 689 1794 quae
706 1733 765 1797 pro
795 1729 850 1774 tua
880 1709 1087 1775 instrutlione
1116 1730 1198 1793 oput

320 1842 323 1849 ·
360 1815 482 1876 erunt,
507 1798 562 1885 ipn
580 1816 642 1861 tuae
656 1799 743 1862 Circ.
763 1800 824 1884 dil.
841 1798 887 1863 fil.
905 1797 1040 1862 Baccius
1063 1798 1102 1861 de
1124 1797 1198 1861 Ber·

363 1889 407 1954 tia
432 1884 667 1958 florentinus,
692 1887 838 1973 ipsorum
864 1885 985 1958 Marii,
1008 1889 1036 1951 u
1064 1887 1198 1950 fratrum

362 1975 571 2058 negotiorum
599 1975 703 2060 gestor
723 1975 826 2040 latine
842 1974 1047 2061 explicabit.
1071 1977 1198 2040 Datum

361 2064 475 2130 Rome
499 2061 586 2148 apud
615 2065 765 2127 sanetum
787 2068 919 2133 Petrum
938 2060 997 2127 sub
1017 2081 1070 2125 an.
1095 2060 1198 2126 Pisca-

363 2152 449 2215 toris
464 2151 517 2212 die
536 2169 589 2233 3¹·
608 2150 738 2237 Aprilis
757 2159 852 2238 1518.
865 2149 1078 2219 Pontificatue
1095 2148 1198 2216 nostri

253 2277 256 2286 ·
363 2242 460 2304 Anno
478 2236 592 2302 sexto.

453 2325 520 2389 Leo
535 2327 579 2391 X.
913 2326 1113 2414 Sadoletua.
1130 2397 1134 2406 ,
1154 2360 1157 2367 ·

364 2532 468 2601 LVII.
575 2536 748 2603 E11>nu
784 2501 1024 2603 incarn..

456 2679 553 2751 liene
578 2682 643 2747 rili
665 2725 675 2748 .
701 2686 790 2751 Ante
816 2703 910 2752 tuum
930 2686 1005 2753 hinc
1035 2682 1198 2764 discessum

464 2770 770 2837 commendavimus
785 2776 873 2839 Circ-
888 2791 951 2839 tue
965 2776 1104 2841 dilectos
1116 2773 1198 2836 lilios

364 2846 571 2949 {sandicum
592 2860 632 2922 de
646 2860 769 2921 Rubeie
793 2864 967 2925 Notarium
982 2868 1033 2937 ,ἃ
1052 2864 1198 2927 Camera.

364 2949 476 3015 taum,
501 2946 646 3007 nostrum
667 2943 861 3008 familiarem
878 2990 888 3018 ,
904 2952 1096 3011 continuum
1113 2968 1198 3009 com·

365 3024 544 3093 mensalem
570 3073 581 3103 ,
607 3034 636 3095 u
662 3029 858 3095 Rodericum
880 3034 1017 3095 Del-rio
1040 3034 1198 3095 Licentia.

365 3122 439 3171 turn
461 3158 472 3188 ‚
496 3122 565 3191 ejus
580 3135 795 3199 germanum3
819 3117 1104 3202 commifimusque
1122 3121 1198 3195 tibi

366 3210 405 3299 ut
428 3201 585 3276 eosdem,
609 3201 812 3286 illorumque
833 3224 883 3266 res
900 3226 1036 3281 omnes,
1062 3212 1198 3292 &nego

369 3295 418 3347 tra
445 3290 533 3375 apud
557 3289 769 3353 chariilimum
798 3294 828 3356 in
857 3294 986 3357 Christo
1019 3295 1121 3361 lilium
1149 3318 1198 3360 no·

368 3370 472 3440 strum
489 3378 647 3443 Carolum
662 3377 890 3464 Hispaniarum
917 3385 1038 3462 Regem
1055 3384 1198 3449 Catholi-

368 3478 443 3525 cum
463 3509 472 3536 ,
502 3470 529 3532 u
556 3465 711 3530 dileuum
728 3468 831 3532 lilium
846 3462 988 3536 nostruin
1004 3474 1198 3537 Hadrianum

371 3546 556 3617 sannorum
583 3558 794 3631 Joannis‚&
823 3558 915 3627 Pauli
943 3563 1198 3648 Presbyterum

371 3638 612 3723 Cardinalem,
635 3645 901 3740 &quoscumque
920 3649 1032 3727 aliut,
1056 3650 1198 3730 Majesta·

1140 3750 1198 3803 ten
