2542 4350
279 497 978 607 anrsroannun.=„

135 675 299 743 *cxvi
400 675 492 746 ano
515 677 632 745 anun
655 678 696 746 x.

229 851 331 918 netto
348 851 418 918 filio
442 855 604 919 Beroaldo
620 855 789 933 iuniori*
803 861 821 896 *
847 855 974 922 Palatii

230 942 329 1008 nostri
347 940 529 1028 Apostolici
543 942 778 1012 Bibliotecario
790 953 806 985 *
821 954 835 985 e
848 955 886 1020 *‚
901 948 975 1010 No·

133 1033 265 1099 tario&
287 1030 442 1096 familiari
458 1033 567 1097 nolito
592 1033 731 1115 antiquo
745 1032 885 1100 salutem
911 1038 974 1100 &c-

136 1122 222 1187 Cum
247 1117 363 1184 multia
389 1133 479 1185 retro
515 1117 634 1185 seculia
658 1121 825 1192 Graecae&
851 1123 976 1187 Latina

136 1207 257 1273 littera
282 1209 325 1272 ob
352 1208 559 1271 barbararum
585 1208 757 1274 nationum
797 1210 980 1275 colluviem

137 1294 322 1383 periculum
348 1315 504 1383 magnum
521 1296 694 1370 adiissent,
708 1299 979 1364 &calamitatem

138 1384 303 1451 sensulient
325 1402 567 1472 aucupatum,
592 1405 629 1451 ac
654 1385 863 1470 sequentibus
890 1400 980 1450 tem·

138 1473 274 1560 potibus
298 1493 371 1536 cum
387 1473 487 1538 ltalia
515 1473 697 1561 presertim
722 1494 762 1539 eo
779 1475 866 1538 malo
889 1493 981 1560 quo·

138 1560 319 1625 dammodo
342 1561 480 1627 liberata
494 1562 657 1648 quiescere
683 1562 829 1650 coepilset
842 1583 853 1640 3
879 1561 983 1627 multi

139 1647 317 1717 Christiani
341 1649 508 1738 Principes
526 1648 732 1715 scientiarum
748 1650 982 1735 virtutumque

141 1737 346 1802 ornamentis
369 1739 544 1812 decorati,
569 1736 812 1825 praesertimque
840 1739 984 1804 Romani

139 1824 315 1890 Pontifices
347 1827 595 1894 Preaecenores
620 1825 720 1892 nostri
737 1825 925 1891 litterarum
951 1831 985 1898 uc

138 1912 302 1976 librorum
329 1914 488 2000 reliquias
523 1915 729 2001 inquirentes
756 1913 987 2001 collegerunt:

139 2016 178 2064 ac
203 2020 240 2064 ut
265 2003 297 2067 iu
322 2004 486 2088 posterum
502 2005 625 2068 talibus
642 2002 797 2082 injuriis,
822 2020 988 2089 quantum

139 2107 214 2152 curn
237 2092 314 2154 Deo
337 2092 462 2178 possent
483 2093 745 2166 obviamircnt,
770 2092 988 2160 diversasBi·

140 2173 324 2243 bliothccac
347 2181 540 2260 instituere,
562 2184 619 2246 ubi
645 2196 814 2264 tamquam
831 2182 863 2247 in
887 2181 986 2269 asylo

141 2279 238 2332 tutus
250 2268 291 2332 ab
315 2270 406 2335 omui
424 2271 544 2351 iniuria
562 2271 657 2424 lchn
673 2270 750 2359 ipsrc
767 2270 992 2426 libriliilllli-

183 2532 199 2562 ⁸¹
241 2537 341 2588 Hauti
365 2534 390 2584 ἃ
411 2552 466 2603 qun
493 2535 613 2601 proxime
638 2536 824 2603 sequunturad
851 2536 988 2601 Hierony.

144 2626 222 2664 taum
244 2611 404 2663 Aleaurlrum
419 2611 540 2675 litterar,
563 2609 615 2662 live
637 2610 727 2678 potiua
750 2609 920 2675 diplomata,
939 2630 991 2665 ex.

145 2700 206 2743 taut
230 2702 288 2755 pag.
308 2703 377 2740 ur.
396 2687 421 2737 ἃ
435 2703 487 2741 axa
497 2704 525 2739 r.
535 2687 701 2740 Prefationie
714 2687 851 2737 Generalie
866 2686 893 2737 in
906 2692 991 2742 cata.

145 2767 237 2833 logum
251 2764 380 2817 Codicum
392 2765 629 2833 manuscriptorum
645 2763 813 2816 Bibliotheca
828 2765 959 2818 Vaticana
972 2784 991 2820 a

146 2839 295 2894 clarissumis
316 2842 469 2900 Prasulibua
493 2842 635 2895 bliemania
656 2841 788 2910 Stephano
810 2842 912 2893 Evodio
936 2851 990 2897 Ar.

145 2920 312 2987 cbiepiscopo
345 2920 509 2987 numeni,
529 2918 553 2971 st
577 2921 689 2990 Jolepbo
718 2918 841 2971 Simonio
871 2917 989 2980 eiusdem

146 3001 213 3050 Vat.
229 2996 397 3051 Bibliotheca
411 2997 535 3051 Profesto
554 3011 707 3053 contextum
723 3014 731 3049 t
751 2996 866 3066 quibua,
887 3012 915 3051 ut
930 3012 989 3053 tana

148 3075 242 3141 ingene
259 3091 326 3141 opua
349 3076 450 3128 summo
478 3076 612 3131 litteraria
635 3074 794 3144 Respublica
816 3074 884 3127 bono
907 3077 992 3131 incoe·

148 3166 246 3222 ptum,
267 3151 291 3204 st
310 3155 343 3206 ad
362 3154 413 3208 tria
430 3152 482 3214 ianr
502 3156 638 3209 voluminu
655 3151 820 3226 produllurn,
834 3156 992 3221 quantociua

143 3233 182 3282 ud
202 3232 356 3286 umbilicum
376 3234 515 3301 perducere
539 3237 670 3303 valeant,
692 3232 778 3286 selicia
791 3248 820 3282 ac
834 3231 915 3285 saulla
929 3250 991 3287 orn·

149 3308 197 3359 aria
217 3310 405 3376 adprecamur.

192 3381 233 3412 '⁶
274 3388 352 3438 Obiit
367 3390 504 3443 beroaldus
518 3391 559 3442 die
582 3408 627 3455 30.
643 3389 749 3454 nuqusti
770 3404 816 3439 arr.
845 3396 927 3450 1518.
948 3389 991 3442 ei·

151 3479 202 3533 que
223 3463 249 3514 in
269 3463 467 3519 bibliothecarii
493 3468 633 3535 Apollolici
649 3483 754 3520 munere
778 3465 887 3518 successu
914 3470 990 3535 Mag.

152 3545 200 3595 fr.
223 3543 359 3594 zenobius
382 3541 528 3602 Accieioluc
557 3547 624 3597 0τά.
651 3550 709 3598 FF.
738 3543 937 3599 Praedicatorum
959 3548 992 3599 cle

153 3620 331 3673 Obseruantia
355 3622 482 3687 professor
494 3638 563 3674 anno
581 3629 667 3686 1518.

195 3693 211 3722 ⁴¹
223 3694 237 3722 ⁸
249 3694 264 3725 “
307 3698 370 3766 Vide
384 3717 438 3768 qua
458 3701 497 3764 de„
515 3701 562 3754 boc
588 3699 727 3770 apostolice·
746 3700 940 3757 Bibliotbeean'i
957 3700 996 3754 ti-

156 3775 215 3830 tulo
227 3773 355 3832 habentur
366 3779 458 3849 paullo
468 3779 579 3836 iuscriut
594 3781 623 3835 iu
636 3780 710 3835 notit
726 3782 758 3837 ut
768 3782 817 3853 Ep.
832 3782 883 3853 seq.
896 3797 941 3850 qna
950 3786 996 3844 98.
