2542 4350
362 487 769 564 Eprsl'olffis
873 509 984 582 ἰς

154 589 305 655 evolvere
328 588 478 673 coepisse.
502 588 621 651 Acnisi
646 608 707 671 ego
732 586 912 671 aliquando
933 611 993 652 ne·
1091 663 1093 667 Ι
1134 617 1140 623 -

151 680 200 741 fae
224 679 283 742 elle
308 677 466 740 duxissem
480 717 491 748 ‚
515 676 642 765 patris,
665 681 695 741 Sc
718 678 898 739 amicorum
928 697 990 738 vo.

152 767 274 832 lentati
299 785 362 827 oon
386 768 610 847 obtemperare
624 805 635 836 ,
660 783 824 846 nunquam
843 763 992 850 profecto

148 874 219 918 eam
236 853 417 915 studiorum
435 851 594 913 rationem
614 851 709 914 essem
732 852 861 917 secutus
879 893 887 913 .
912 854 989 916 Non

151 941 311 1004 mehercle
323 981 334 1010 ,
346 959 412 1023 quo
428 941 508 1013 iurlt
533 937 632 1021 ipsius
657 939 902 1022 cognitionem,
927 950 989 1001 aut

149 1028 282 1091 homine
297 1027 401 1091 libero
415 1025 596 1108 indignam,
609 1039 666 1087 aut
679 1044 792 1112 parum
806 1025 990 1105 adjumenti

151 1117 191 1179 ad
211 1115 433 1199 eloquentiam
448 1115 560 1176 afferre
574 1111 678 1197 ipsam
692 1115 886 1178 existimem.
902 1117 991 1178 Nam

152 1218 238 1268 certe
251 1223 354 1285 neque
368 1220 403 1264 ea
415 1219 529 1289 parum
541 1201 623 1263 olim
635 1199 825 1283 dignitatis,
838 1201 988 1265 obtinuit

148 1296 176 1357 ει
195 1291 237 1352 est
262 1292 375 1356 futuro
387 1285 512 1352 oratori
525 1329 536 1359 ‚
558 1290 582 1352 si
594 1289 780 1367 dvoilislimit
793 1288 989 1352 hominibuu

147 1380 310 1443 credimus
337 1420 348 1450 ,
373 1376 405 1439 in
436 1375 553 1461 primic
576 1376 781 1440 necessaria.
815 1378 931 1458 ltaque
954 1379 989 1444 ἃ
1122 1451 1129 1466 ,

147 1468 258 1532 Rome
277 1463 496 1532 eruditionis
511 1461 580 1525 illie
598 1464 806 1548 temporibus
821 1464 911 1527 nulla
926 1485 986 1527 ve.

147 1556 357 1628 hementiut,
379 1569 480 1636 quam
502 1549 583 1627 jurit
608 1555 636 1618 Sc
659 1551 854 1632 eloquentie
881 1554 989 1616 studit

147 1643 322 1727 viguerunt
349 1683 360 1715 ‚
383 1646 413 1708 Sc
439 1639 583 1722 quodam
608 1652 758 1723 tempore
782 1638 850 1703 sola
883 1662 987 1727 prope

147 1732 229 1807 juris
243 1729 376 1796 scientia
405 1727 533 1793 summo
555 1725 588 1789 iu
610 1729 732 1789 honore
747 1727 832 1790 snit.
859 1731 987 1798 Possem

145 1820 288 1903 proferre
311 1860 323 1891 ,
345 1821 376 1884 u
400 1832 659 1880 commemorare
682 1815 946 1902 quamplurimos
969 1839 986 1894 ς

144 1904 199 1990 qui
224 1905 410 1968 firmissimas
435 1898 628 1976 amicitiae,
654 1899 801 1968 summor
819 1906 987 1978 honoret,
1044 1965 1050 1986 Ι

143 1993 305 2057 maximat
328 2011 407 2079 opes
421 2034 432 2065 ,
459 1989 589 2052 laudem
614 1995 644 2057 ἃ
669 1989 808 2076 gloriam
838 1991 882 2054 ob
910 2011 987 2058 eam

141 2100 238 2144 unam
260 2077 318 2143 sebi
349 2077 597 2164 compararint.
620 2083 681 2143 Sed
702 2092 739 2141 ut
766 2097 802 2141 ea
816 2079 987 2164 quondam

143 2189 196 2233 are
217 2167 378 2254 precipue
401 2168 536 2240 floruit,
560 2183 597 2230 tc
620 2166 791 2232 dominata
814 2169 860 2233 est
883 2209 895 2242 ,
931 2165 982 2231 ita

140 2257 257 2321 nostrie
282 2253 370 2322 hisce
393 2255 600 2343 temporibus
623 2256 715 2322 nulla
740 2257 897 2331 tenuior,
921 2265 983 2321 aut

142 2344 262 2411 exilior
288 2358 457 2430 putatur,
491 2359 528 2409 ut
551 2362 587 2409 et
611 2365 644 2410 re
676 2362 772 2410 nemo
799 2346 864 2411 fere
887 2351 983 2431 'pre-

142 2432 241 2498 stanti
267 2432 399 2517 ingenio
434 2432 592 2519 preditus
615 2432 695 2507 est,
721 2430 800 2512 quin
824 2436 854 2499 ἃ
877 2437 919 2500 ab
945 2450 986 2501 et

142 2522 286 2586 maxime
309 2523 510 2593 abhorreat,
533 2524 563 2585 u
587 2518 803 2604 philosophie
826 2560 837 2593 ,
861 2538 898 2584 ac
920 2521 986 2585 bo·

140 2627 257 2673 narum
281 2607 402 2671 artium
418 2605 522 2669 studia
547 2604 654 2667 multo
678 2603 837 2669 libentius
852 2607 983 2693 ample.

143 2698 276 2758 eatur.
300 2694 498 2789 Quanquam
515 2691 600 2757 enim
618 2688 689 2781 ipso
708 2693 785 2763 lure
801 2692 904 2759 Civili
927 2694 984 2759 ni·

143 2783 193 2848 hil
217 2779 336 2846 utilius
346 2816 366 2857 ,·
381 2778 465 2844 nihil
487 2778 654 2853 sanusne,
678 2780 760 2845 nihil
784 2781 826 2843 ad
850 2781 984 2846 conser-

144 2870 285 2936 vandam
299 2867 549 2954 Rempublictm
563 2868 812 2934 accomodatius
837 2867 904 2933 secti
918 2888 984 2955 po.

142 2960 223 3034 test,
248 2959 269 3019 st
296 2958 373 3043 quit
397 2956 523 3035 modo,
547 2960 577 3025 δι
601 2957 745 3041 reliquae
771 2957 872 3022 bonae
894 2971 984 3022 artes

148 3042 354 3131 assumpserit
374 3088 386 3121 ,
410 3044 745 3129 queraminhrnttu,
766 3048 795 3111 δι
820 3042 985 3112 comitatu

144 3134 265 3199 mitum
291 3134 325 3201 in
350 3134 486 3199 modum
517 3153 570 3197 arc
594 3151 631 3198 ea
657 3131 901 3224 locupletetur,
925 3147 982 3198 ta-

137 3240 215 3287 men
241 3222 327 3289 vitio
351 3221 567 3289 recentiorum
592 3222 671 3301 juris
696 3224 911 3307 interpretum
925 3240 982 3289 ac·

140 3309 249 3384 cidit,
275 3324 312 3374 ut
334 3312 374 3375 ab
397 3312 576 3385 omnibus,
601 3310 657 3395 qui
679 3309 835 3395 ingenio,
860 3328 896 3374 tc
921 3313 978 3388 ju·

139 3395 231 3460 dicio
255 3398 608 3485 prestarevideantur,
631 3396 713 3475 juris
737 3393 871 3463 scientia
898 3418 979 3463 con.

141 3498 331 3550 temnatur:
355 3486 481 3567 quodfi
507 3484 583 3549 novi
603 3481 833 3557 iurisconsulti
848 3497 977 3551 vetere·

139 3572 222 3637 illoc
244 3572 368 3639 imitati
387 3572 591 3648 voluissent,
614 3591 717 3656 neque
730 3584 900 3658 tantopere
915 3574 980 3637 bo·

141 3677 257 3727 narum
291 3660 413 3729 artium
447 3660 553 3727 studia
588 3661 882 3749 contempsissent,
914 3675 980 3815 trop

900 3746 982 3815 ful·
