2542 4350
209 501 272 575 136
356 488 558 563 Jnconl
595 486 904 555 SADOLETI
1051 193 1086 519 l

214 581 318 645 causta
339 582 533 663 cogebamur
555 579 637 639 Ven.
662 578 800 640 fratrem
825 578 982 641 nostrum
995 580 1071 643 Ar·-

215 669 457 753 chiepiseopum
483 669 671 749 Capuanum
700 662 741 723 ad
776 682 842 725 nos
883 684 1045 737 revocare,

214 751 339 839 largius
364 753 611 834 alloqueretur,
633 753 662 813 ἃ
680 749 719 813 de
747 750 920 815 omnibus
946 748 1046 815 nostrii
1071 795 1074 801 ,

217 843 358 905 consiliis
379 839 520 922 actisque
536 838 712 910 edoceret3
736 834 791 897 cui
805 839 980 902 serenitas
1001 853 1045 900 tua

216 930 311 989 fidem
338 927 496 992 summam
520 922 678 987 habebit.
702 923 832 983 Datum
852 928 971 989 Rome
1000 924 1045 989 sub

215 1016 314 1076 anulo
327 1014 502 1079 Piscatoris
527 1013 579 1075 die
596 1008 778 1090 5.Januarii
801 1030 903 1095 ¹5²5·
922 1013 1046 1077 Pontii·

219 1116 312 1163 catus
326 1102 427 1165 nostri
450 1118 532 1165 anuo
557 1097 717 1163 secundo.

218 1302 355 1372 xcvii.
410 1305 627 1369 cunonem
653 1304 928 1369 Monunrrno.

219 1450 297 1602 D
316 1446 403 1512 nect.
425 1446 471 1509 fili
483 1450 586 1512 noster
600 1450 659 1515 dcc.
675 1446 912 1536 Superioribus
922 1446 1048 1521 diebut,

325 1556 396 1599 cum
412 1534 450 1597 de
465 1537 611 1599 tumulto
632 1537 726 1601 civit.
740 1537 1003 1623 Magdeburgen.
1019 1552 1047 1597 tc

222 1624 262 1685 de
277 1624 453 1708 impiorum
468 1625 681 1688 lutheranam
695 1622 814 1709 pestem
828 1624 860 1686 in
876 1646 919 1687 eo
955 1618 1046 1708 opulo

220 1708 440 1796 spargentium
459 1711 615 1784 factione,
640 1711 681 1775 ad
706 1732 765 1774 nos
788 1712 869 1775 esset
896 1648 1046 1781 allatum,

220 1816 284 1862 non
309 1798 506 1862 mediocrem
529 1799 560 1863 iu
585 1796 816 1863 auimouollro
841 1796 1043 1885 concepimus

221 1880 395 1948 dolorem.
420 1887 502 1950 Nam
518 1891 546 1953 ἃ
561 1884 809 1971 procuratione,
827 1900 935 1969 atque
951 1884 1048 1951 custo·

221 1968 276 2031 dia
295 1970 392 2034 nostri
417 1971 527 2036 diladli
551 1970 681 2056 gregia,
705 1989 840 2055 querna
867 1972 1048 2039 truculenta

218 2055 372 2141 luporum
388 2058 475 2122 rabir
490 2059 684 2124 incolumem
702 2056 827 2124 servare
841 2078 908 2123 non
925 2075 1050 2147 potera·

221 2162 318 2217 mue,
342 2145 522 2208 admodum
549 2146 655 2210 moelli
687 2136 881 2228 solicitique
905 2148 1051 2220 suimus,

217 2234 247 2296 aa
263 2243 325 2293 tuae
347 2251 477 2312 quoque
502 2233 658 2317 dignitati
680 2254 715 2300 ac
738 2249 799 2298 tuo
821 2235 974 2308 honori,
999 2233 1053 2297 illo

218 2319 320 2379 modo
336 2318 484 2394 detrahi,
509 2340 569 2404 pro
581 2321 687 2387 nostra
711 2321 743 2384 in
759 2335 792 2386 te
804 2335 945 2407 paterna
965 2321 1053 2388 beni·

215 2403 361 2468 uolentia
401 2427 482 2491 aegre
504 2406 670 2473 tulimus.
707 2407 913 2475 videbamur
958 2409 1055 2476 etiam

218 2491 403 2579 exemplum
427 2497 460 2558 in
474 2515 509 2558 ea
531 2516 563 2560 re
586 2497 650 2561 toti
664 2495 849 2560 Germanice
873 2515 911 2562 ac
927 2497 1055 2564 Princi-

219 2581 345 2664 pibus,
369 2583 596 2665 nobilibusque
628 2581 804 2670 praescrtina
829 2583 1055 2669 perniciosum

217 2669 378 2753 proferri,
403 2673 424 2734 fi
440 2672 598 2760 imperitae
619 2672 728 2757 plebes
744 2671 802 2734 illa
817 2673 950 2737 ratione
980 2669 1057 2736 sub·

219 2755 335 2822 ducere
359 2757 392 2824 se
411 2778 428 2821 a
451 2759 655 2845 superiorum
678 2757 867 2822 obedientia
878 2779 892 2836 ς
915 2759 1053 2826 &ordi-

216 2864 290 2908 nem
313 2865 443 2910 omnem
467 2843 737 2934 disciplinamque
758 2844 834 2910 vitot
864 2848 1052 2913 turbatust

218 2931 413 2997 confundere
441 2948 654 3006 conarentur:
672 2954 742 3017 quar
763 2953 836 2998 cum
853 2931 968 2998 unni-a
983 2951 1057 3020 gra·

216 3017 418 3085 vianobis&
433 3023 513 3087 dura
537 3021 755 3096 uidebantur,
780 3035 853 3084 tum
879 3019 969 3084 nihil
994 3021 1056 3086 du·

215 3104 307 3177 rius,
330 3126 427 3186 quam
442 3112 533 3191 quod
555 3131 630 3174 cum
655 3125 749 3174 tanto
766 3108 950 3174 animarum
971 3109 1054 3174 lide·

214 3192 297 3256 lium
309 3193 510 3270 detrimento
533 3196 592 3258 ista
614 3197 709 3262 nobit
729 3196 905 3261 charisima·
919 3199 948 3262 sa
962 3194 1052 3260 dile»

215 3281 343 3343 stillima
356 3280 447 3344 natio
464 3282 588 3346 invictae
602 3282 785 3349 Germanic
799 3281 904 3345 tantis
920 3281 1054 3346 inoom·

212 3366 324 3429 modia
345 3371 375 3434 Sa
400 3367 644 3436 calamitati-bus
674 3385 743 3444 erat
766 3381 907 3436 vexata,
932 3369 1054 3452 itaque

214 3467 290 3517 tunc
309 3469 445 3538 paterno
470 3459 583 3521 affestu
603 3460 776 3540 studioque
798 3453 884 3519 moti
911 3457 1054 3520 manda·

213 3541 326 3604 vimuo
337 3543 397 3606 dil.
409 3543 477 3608 filio
490 3547 599 3610 nostro
612 3547 788 3612 Laurentio
799 3541 912 3610 Tituli
923 3549 1056 3608 &Ana-

213 3630 308 3695 ssasuae
324 3634 440 3727 snm,
462 3636 666 3722 Presbytero
675 3632 870 3708 cardinali,
893 3631 1053 3784 nostros&

1016 3737 1051 3782 ιι
