2542 4350
287 265 510 337 EPISTOLAE
535 263 822 336 Potu'lftclu.
926 287 988 353 ¹⁷5

164 372 230 429 atu
243 355 427 427 Mediolani
440 368 624 445 occupato,
650 357 806 424 omuibus
820 358 938 424 ceteris
953 364 991 423 sl·

173 449 256 515 ilem
284 460 442 512 terrorem
467 443 529 511 sure
554 445 666 521 nimie
689 446 884 534 cupiditatis
910 447 992 525 inji-

153 539 294 605 iebaut.
318 539 422 612 Cujus
451 533 531 600 beili
554 556 611 620 per
628 555 688 599 nos
709 533 848 622 suseepti
873 534 896 596 fi
922 535 988 603 tibi

133 625 305 693 reddenda
320 626 396 689 etiet
410 645 427 686 a
442 623 537 688 nobis
550 625 664 697 ratio,
688 626 781 689 autsr
800 639 836 687 tu
854 621 991 703 clades,

135 716 272 802 rapinas
288 759 296 786 ,
310 713 537 802 direptiones,
561 711 760 779 detrimenta
778 710 901 777 miserie
914 713 989 776 Ita-

140 802 194 869 lie
210 800 387 890 perspicere
413 802 568 889 potuisses
582 821 594 879 ς
620 821 683 865 non
699 801 890 866 dubitamus
903 803 987 885 quin

136 894 336 974 iustissimam
362 891 413 956 vei
434 891 547 976 potius
562 888 768 955 neceiiariam
781 887 912 963 ¹causum
928 911 987 961 no·
1048 919 1050 923 ·

93 1000 106 1025 ·
136 982 237 1046 stram
261 982 467 1058 judicaturus
488 978 614 1043 fueris.
641 979 834 1044 Exercitum
849 978 989 1064 quidem

136 1068 275 1139 Cosanis
291 1072 354 1135 sane
379 1065 541 1154 stipendio
565 1068 682 1132 tandiu
704 1082 866 1135 retentum
882 1110 894 1140 ,
910 1090 990 1134 om·

95 1214 109 1229 .
134 1158 230 1224 nium
246 1158 340 1223 bonis
355 1160 384 1226 n
398 1155 536 1222 fortunis
549 1155 600 1219 iiii
615 1157 647 1221 io
665 1160 809 1245 praedam
831 1156 988 1232 oblatis,

93 1240 105 1265 ⁸
135 1265 205 1331 qua
233 1247 392 1318 licentia,
418 1262 564 1328 quotque
587 1244 718 1323 injuriis
734 1247 767 1312 in
792 1244 985 1335 imbecilles

136 1334 645 1506 {522202252'312555352'5551'
649 1337 739 1487 us
744 1332 991 1505 ‘irini‘ssiiss

138 1515 341 1578 berntionem
366 1512 488 1576 afflicte
518 1511 622 1573 itaiioe
649 1529 738 1575 arma
765 1511 987 1597 sumpfimus‚

144 1615 183 1666 ut
218 1602 330 1667 sumus
355 1598 531 1671 arbitrati,
556 1597 611 1684 pia
632 1601 783 1675 &iustae
808 1620 865 1664 nec
889 1599 989 1684 quic·

137 1709 239 1773 quam
258 1710 317 1754 nos
330 1688 422 1750 aiiud
438 1688 613 1775 spenaue,
637 1710 736 1772 quam
761 1688 901 1755 salutem
924 1711 988 1756 no.

140 1781 212 1843 ssrae
246 1784 276 1849 ἃ
304 1778 492 1844 communis
525 1778 674 1842 omnium
702 1779 849 1865 gentium
876 1780 991 1867 patri·

139 1867 271 1942 Italia,
297 1866 487 1933 testimonio
504 1869 570 1942 est,
594 1869 684 1950 quod
700 1868 782 1934 nihii
799 1871 833 1936 in·
847 1868 990 1935 vicioriz

137 1958 181 2021 ad
208 1979 270 2023 nus
292 1954 509 2022 emolumenti
532 1960 699 2043 pervenire
724 1959 810 2046 padri
836 1958 987 2043 sumus3
1049 1964 1061 1995 s

140 2045 197 2113 sed
223 2059 352 2112 tantum
369 2047 548 2131 pastoris&
571 2045 753 2115 defensoris
766 2051 897 2128 justitiae
915 2051 991 2119 effi.

139 2134 193 2200 cio
210 2136 299 2223 fungi
316 2136 508 2200 voluimus·
529 2138 651 2204 Contra
665 2154 775 2208 autem
790 2140 896 2229 ipsum
911 2144 988 2213 ce·

140 2223 273 2302 sarem,
299 2225 431 2310 ejusque
454 2248 505 2291 res
528 2225 694 2311 legitimas
714 2248 816 2315 atque
833 2237 987 2320 proprias

140 2312 192 2381 ita
209 2316 292 2382 nihii
308 2335 450 2397 unquam
466 2313 577 2379 sumus
593 2316 705 2380 damni
723 2321 921 2396 machinati,
947 2335 987 2388 ut

138 2424 215 2468 cum
233 2402 455 2489 superioribus
474 2402 589 2465 diebus
603 2404 878 2474 Columueniibuc
906 2410 989 2476 sub-

140 2492 223 2557 ditis
240 2491 357 2557 nostris
372 2488 506 2571 quidem
523 2531 533 2561 ,
558 2488 612 2553 sed
629 2493 725 2556 uobis
742 2516 856 2580 parum
882 2499 983 2572 fidis,

141 2600 230 2646 trma
256 2580 455 2643 inmanibus
484 2577 655 2664 adportas
686 2581 783 2647 Urbis
799 2587 910 2650 nostre
937 2599 991 2650 te·

140 2668 321 2742 uentibus,
345 2687 404 2731 nos
433 2686 566 2750 quoque
589 2668 716 2732 firmam
740 2692 871 2739 manum
897 2673 992 2739 miii.

143 2773 214 2822 tum
235 2754 570 2843 comparariffemus,
595 2777 658 2841 qua
677 2758 745 2823 iilis
770 2762 863 2827 facile
890 2763 988 2852 supe.

142 2845 246 2911 tiores
273 2843 306 2911 in
328 2842 584 2929 Neapolitanum
611 2850 757 2931 Regnum
782 2851 899 2918 intrare
923 2898 934 2929 ‚
959 2857 992 2926 dc

140 2930 252 2996 omnia
270 2936 403 3001 turbare
428 2975 439 3007 ,
463 2951 500 2998 ac
528 2934 720 3002 labefactare
748 2941 961 3026 potuiiiemus
975 2984 990 3017 ,

143 3021 341 3107 dimulatque
365 3023 447 3088 sides
472 3023 517 3087 est
542 3023 640 3089 nobis
665 3047 719 3111 per
742 3029 984 3096 columnenses

143 3108 244 3186 data,
268 3131 326 3178 eos
351 3130 439 3178 arma
464 3112 526 3177 effe
551 3114 757 3199 depofituros
771 3160 783 3193 ,
806 3119 987 3206 nihilquu'

144 3209 259 3263 eontra
272 3218 333 3265 nur
348 3206 378 3271 δι
396 3201 514 3266 statum
536 3205 680 3269 nostrum
694 3218 882 3273 tentaturos
895 3254 906 3284 ,
920 3211 988 3273 sta·

143 3282 206 3349 tim
221 3288 332 3353 omnia
352 3299 477 3354 armata
503 3287 648 3377 prs'srdia
671 3292 877 3370 dindimus,
901 3318 987 3383 qua.

144 3376 259 3456 quein
287 3390 397 3462 perte,
425 3377 598 3445 srioimico
622 3380 734 3446 animo
759 3385 924 3452 iuiiiemus
950 3388 986 3453 in

144 3458 306 3533 Cesarem
318 3508 332 3544 ‚
345 3465 472 3535 bellum
485 3469 668 3625 degrareH&
679 3470 788 3558 vigete
799 3477 990 3565 oportebat,

663 3579 686 3637 t
949 3579 989 3629 et
