2542 4350
360 512 588 586 EPlS'l'OLAE
621 511 911 582 PONTIFICIAE.
1012 524 1052 604 ὅς

217 606 277 691 per
301 622 361 668 uos
389 607 470 669 facta
496 602 571 667 suut
592 646 603 677 ,
627 600 788 668 inviolata
817 624 1029 689 permaneant
1043 632 1057 688 ς

219 706 293 757 tum
310 691 389 756 talia
413 694 458 758 est
478 698 544 756 bec
555 691 712 778 persona,
736 708 775 756 ut
793 711 952 777 quantum
979 717 1056 764 cum

216 782 295 845 Deo
309 782 405 847 uobis
419 782 521 855 licet,
544 787 614 861 ejus
633 787 864 850 ornamenta&
877 787 1056 852 commoda

215 881 387 952 tamquam
402 872 511 934 nostra
526 868 855 958 propriaxducamus.
881 873 1056 957 Quamob-

214 977 285 1021 rem
299 1001 310 1032 ,
334 963 450 1028 cum&
463 981 514 1024 rea
531 959 614 1034 iusta
627 958 692 1030 stt,
717 955 891 1044 &persona
908 964 941 1026 iu
955 983 1056 1046 quam

216 1044 377 1110 collatum
390 1047 601 1122 beneficium,
615 1046 740 1132 optime
754 1049 794 1111 de
807 1049 903 1112 uobis
920 1050 1036 1115 merita
1043 1069 1058 1129 ,·

214 1135 243 1198 u
259 1153 319 1196 uos
341 1134 389 1198 rei
403 1138 552 1199 austures
568 1179 579 1210 ,
603 1139 697 1213 cujus
711 1151 745 1198 tu
758 1133 884 1222 semper
898 1137 1058 1204 voluuta-

213 1232 282 1285 tem
296 1224 325 1288 Se
341 1223 572 1288 ausioritatem
596 1245 656 1310 pro
670 1237 726 1286 tua
743 1223 908 1309 prestanti
928 1229 1056 1293 virtute

210 1307 350 1395 plurimi
366 1311 466 1376 fecisti
476 1334 490 1389 ς
511 1315 720 1397 expeclamus
732 1310 876 1378 officium
887 1313 953 1379 tale
965 1315 1054 1380 Circ.

212 1411 300 1472 tua,
324 1413 396 1463 tum
421 1399 510 1487 apud
531 1400 628 1463 illum
645 1401 852 1482 clarillimum
866 1405 986 1485 Regem
1011 1403 1055 1466 ad

213 1506 312 1569 quem
337 1487 440 1552 etiam
461 1486 636 1555 scribimus
658 1532 670 1563 ,
696 1501 767 1552 tum
787 1510 866 1552 vero
894 1490 982 1574 apud
1003 1505 1056 1554 te·

210 1572 415 1662 metipsum,
440 1590 477 1639 ut
498 1575 746 1662 quamprimum
770 1576 948 1640 audiamus
969 1577 1055 1641 dest·

210 1662 342 1727 derium
376 1665 520 1729 nostrum
550 1682 648 1750 opera
678 1679 736 1728 tua
766 1660 935 1749 expletum
968 1664 1055 1732 elle:

210 1753 302 1834 quod
316 1751 540 1818 testimonium
553 1769 616 1816 tuae
630 1751 662 1815 iu
674 1772 734 1816 nos
751 1749 985 1815 benevolentis
997 1751 1055 1817 su·

211 1860 286 1903 mus
301 1841 386 1903 iuter
404 1839 469 1904 alia
492 1840 598 1905 multa
621 1843 653 1907 u
668 1856 783 1924 magua
800 1859 864 1902 uou
879 1839 1054 1907 minimum

211 1926 432 1992 existimaturi
445 1969 456 1990 .
480 1926 540 1992 ilis
550 1943 662 1993 autem
678 1928 718 1992 de
732 1928 827 1990 rebus
840 1924 995 1992 omuibus
1012 1950 1055 1997 ex

211 2015 409 2080 venerabilis
443 2015 557 2081 fratris
583 2013 741 2102 Episcopi
768 2014 1057 2098 wingorniensis,

212 2101 397 2184 Majestatis
423 2102 520 2167 illius
540 2109 627 2194 apud
644 2125 707 2169 nos
722 2101 878 2169 Oratoris
903 2099 1055 2184 litteris,

211 2192 263 2255 cui
286 2207 429 2257 mentem
451 2194 727 2277 voluntatemque
750 2212 882 2258 omnem
908 2192 1055 2260 nostram

213 2281 424 2364 aperuimus,
450 2281 551 2347 latius
563 2282 733 2368 intelliges
746 2300 755 2346 a
768 2281 891 2364 quibus
901 2293 939 2341 ut
955 2282 1053 2347 fidem

212 2370 372 2433 adhibeas
385 2367 475 2434 Circ.
487 2383 580 2435 tuam
592 2371 687 2439 enixe
699 2372 871 2434 hortamur
887 2409 896 2428 .
920 2371 1054 2447 Datum

212 2459 324 2523 Romae
337 2455 425 2542 apud
437 2460 605 2525 &Petrum
618 2458 678 2524 sub
690 2456 810 2520 annulo
823 2454 932 2518 nostro
946 2455 1056 2520 Pisca·
1167 2513 1170 2517 ,

211 2545 298 2611 toris
326 2546 378 2609 die
398 2568 427 2606 s.
444 2547 622 2610 Novembr.
638 2549 736 2626 1516.
751 2542 967 2609 pontificatus
991 2562 1056 2608 uu·

212 2633 272 2699 stri
292 2651 381 2698 anuo
399 2644 522 2716 quarto
536 2673 552 2699 .

766 2714 970 2784 Sadoletus.

215 2927 370 2999 xlvlll.
403 2930 577 2998 Drusero
617 2939 722 2993 staro
754 2926 881 2990 Pareo

449 3030 596 3083 macro
617 3016 821 3081 Lausum.

306 3194 333 3240 θ
373 3264 377 3271 ,
443 3191 557 3262 LEO
599 3183 746 3259 PAP'A
779 3192 825 3257 X·

311 3345 411 3413 necte
433 3343 481 3408 mi
503 3342 644 3411 salutem
668 3339 936 3427 &Apostolicam
955 3340 1059 3407 bene·

322 3433 525 3497 dictionem.
549 3433 635 3497 Cum
664 3452 763 3516 nuper
781 3428 973 3497 cathedrali
989 3434 1059 3495 Ec·
1152 3448 1155 3455 ’

214 3526 316 3592 clesroe
335 3518 547 3588 Lavelliueust
561 3565 571 3596 ,
595 3540 636 3584 ex
651 3517 796 3599 eoquod
810 3520 952 3585 dilectus
966 3518 1057 3582 filius

216 3613 323 3679 noster
348 3605 535 3673 Franciscus
567 3608 626 3672 tit.
651 3610 681 3669 S.
700 3607 849 3673 Marcelli
876 3608 1057 3690 Presbyter

219 3695 411 3773 cadinalis
423 3697 632 3768 Surrentinus
645 3694 1059 3853 regimittimdmiuigpz
1106 3739 1111 3753 .
