2542 4350
93 233 119 305 ¹⁵
292 263 523 338 Epistola
545 265 831 337 nouamcm.
920 275 1018 355 ιη.

93 329 116 396 ⁶
145 352 244 425 uitta
259 368 342 436 tua,
366 381 427 425 non
448 379 523 426 cum
542 358 576 425 in
599 358 814 427 cardinalatu
828 354 989 438 effemur,

144 443 214 512 till
234 445 358 514 summe
373 450 524 514 aduioor
539 454 639 534 atque
654 450 864 528 coniunctos,
889 451 917 513 ἃ
931 447 986 512 vi·

93 527 109 578 ¹'
142 556 190 602 vo
206 535 230 599 f.
246 558 270 601 r.
285 538 390 605 Leone
402 541 446 605 X.
461 538 558 605 fratre
570 539 680 604 nostro
693 537 862 624 patruele,
876 540 906 602 ἃ
924 538 986 602 de·

95 618 105 667 ¹
139 620 222 689 inde
246 626 347 691 etiam
370 642 533 704 mortuo,
557 646 626 713 quo
653 650 762 692 rerum
788 642 920 692 tuarum
950 624 982 692 ie

93 715 102 777 l
138 711 253 778 exitus
275 715 378 792 ell‘et,
399 722 479 785 &ea
495 717 626 801 gloria,
641 736 741 801 quam
756 731 863 781 tumet
884 730 984 800 opta.

93 806 100 851 ¹
137 800 297 874 bae,nou
312 801 483 871 laboribus
498 826 586 881 ,nou
605 805 764 890 periculis
777 805 891 875 nostre
906 825 983 891 pet·

93 894 97 969 ,¹
137 885 224 955 sona
239 892 377 976 proprie
392 937 401 966 ,
416 916 481 960 non
499 894 654 981 impensio
668 894 840 982 pepercilie
851 934 862 955 .
874 894 980 967 Cum-

138 995 202 1061 que
220 978 341 1044 deiude
362 984 487 1048 Divina
503 984 714 1070 providentia
735 982 776 1045 ad
803 984 983 1049 Pontifica-

137 1077 195 1130 ωε
225 1069 383 1134 honorem
414 1073 526 1137 vocati
544 1071 739 1146 foillemue,
764 1070 881 1154 tuique
903 1085 983 1136 tuuc

137 1155 245 1222 hostes
263 1157 294 1221 in
313 1158 413 1224 ltalia
427 1178 562 1247 magnae
588 1162 702 1250 copiae
724 1163 905 1234 haberent,
922 1159 983 1225 etl't
1117 1164 1127 1173 ⁴

136 1263 199 1401 pto
211 1246 388 1313 Pastoralia
412 1249 511 1315 ollicii
524 1249 640 1315 debito
653 1253 694 1315 ab
710 1248 781 1312 illie
795 1249 897 1313 armis
911 1268 976 1312 no·

162 1333 191 1398 ie
213 1332 438 1402 abstinendum
454 1337 524 1403 eiat
540 1350 729 1412 ,tamenne
743 1336 890 1402 rationes
903 1354 979 1401 tuae

136 1423 318 1508 impeditae
339 1425 601 1507 relinqueremus
623 1469 635 1500 ,
673 1445 738 1489 non
762 1422 873 1489 solum
895 1424 978 1489 Plo.

136 1511 368 1588 rentioorum,
392 1511 450 1577 secl
476 1511 588 1577 sanae
607 1511 710 1577 etiam
739 1515 894 1578 Romano
910 1513 978 1577 Ec·

137 1599 240 1665 clesrn
259 1599 372 1686 copiae
393 1598 511 1664 intuis
533 1595 686 1664 subsidiis
708 1599 738 1664 Sc
764 1599 877 1664 castris
898 1622 974 1664 ver.

137 1684 203 1754 sari
220 1689 426 1777 permisimus
437 1709 450 1766 ς
475 1708 630 1752 recurro
647 1687 802 1772 pecunias
816 1686 976 1774 suppedi-

138 1789 209 1841 tare
236 1775 427 1842 celiavimut
449 1819 459 1851 ,
482 1794 542 1840 uec
565 1790 640 1840 ante
666 1793 767 1857 quam
799 1775 975 1862 depulsum

137 1863 226 1929 illud
247 1863 429 1952 periculum
454 1863 549 1938 fuit,
576 1863 765 1929 destitimus
787 1866 858 1930 tuis
879 1865 977 1930 duci·
1015 1919 1018 1929 .

138 1953 200 2018 bus
225 1955 334 2020 farere
359 1956 542 2032 &juvate⁸
565 1952 678 2019 Postea
692 1974 771 2017 uero
780 1999 791 2030 ‚
817 1977 892 2020 cum
917 1954 974 2022 hic

136 2041 357 2109 Pontificatus
378 2045 485 2108 honor
501 2039 604 2105 etiam
618 2041 765 2107 introbit
779 2043 883 2132 patrie
898 2063 975 2131 per·

136 2129 251 2199 sonam
277 2129 469 2218 exposceret
493 2171 504 2203 ,
528 2127 843 2220 decrevissemusque
865 2132 972 2199 abella

135 2222 178 2286 ab
197 2219 299 2286 armis
312 2224 342 2288 Sc
355 2218 454 2287 bellis
464 2259 475 2291 ,
486 2214 714 2302 exercitusque
727 2225 756 2287 u
771 2223 898 2287 militet
911 2241 975 2286 no·
1083 2268 1087 2276 .

135 2312 221 2374 llros
236 2356 247 2387 ,
260 2310 330 2374 tuit
342 2312 408 2389 iam
420 2308 501 2370 ’nene
517 2307 704 2370 constitutis
718 2308 838 2384 rebus,
864 2313 892 2377 St
908 2328 975 2375 uou

134 2398 243 2464 modo
273 2418 341 2463 non
374 2393 619 2467 inferioribus,
655 2391 714 2458 sed
745 2393 975 2482 superioribus

138 2486 243 2554 etiam
272 2480 539 2572 quam'hostium
565 2495 702 2547 tuorum
725 2524 737 2556 ,
760 2484 977 2552 reuocarille·

135 2597 213 2643 mus
224 2595 237 2654 3
259 2589 370 2639 tamen
384 2568 484 2636 armis
501 2588 520 2633 a
541 2569 641 2636 nobis
660 2571 844 2654 deposuit,
867 2592 976 2657 neque

136 2663 228 2731 fideli
243 2660 380 2729 consilio
395 2658 547 2727 Ducibut
566 2659 638 2725 tuit
663 2659 695 2724 in
710 2659 859 2727 Galliam
882 2676 977 2728 tran·

141 2752 348 2826 senatibus,
382 2771 487 2835 oeque
509 2749 585 2815 inde
614 2750 731 2837 pedem
757 2750 976 2819 referentibut

137 2843 352 2932 pecuniarum
376 2839 508 2907 auxilio
530 2884 542 2915 ‚
576 2860 639 2926 pro
656 2857 766 2905 rerum
791 2840 976 2908 nostrarum

135 2933 302 3001 tenuitate
316 2974 328 3006 ,
352 2930 519 2997 defuimus
536 2934 615 3018 (a).
631 2932 777 2994 sncceffir
791 2952 832 2996 ex
846 2928 908 2993 illo
920 2930 978 2995 in·

137 3021 337 3108 tempestiuo
358 3019 392 3085 in
406 3018 554 3088 Galliam
577 3017 811 3104 transalpinam
838 3033 978 3087 tuorum

136 3112 279 3177 tranfitu
305 3153 317 3185 ,
340 3108 479 3175 celerior
498 3111 528 3176 St
544 3108 676 3196 gravior
691 3108 723 3172 in
739 3105 872 3175 ltaliam
891 3108 979 3175 Gal·

137 3199 253 3265 loruln
281 3196 450 3286 irruptio,
475 3199 562 3283 Rege
575 3197 715 3265 maximi
727 3195 870 3262 nominis
883 3219 980 3264 exet·
1089 3197 1092 3204 ’

136 3286 245 3355 citum
273 3288 438 3366 ducente,
460 3306 497 3350 ac
523 3287 615 3352 urbia
642 3286 885 3372 opulenrlffimrr
906 3286 980 3353 Me·

134 3374 263 3446 diolaui
286 3377 328 3442 ab
343 3375 417 3440 illic
429 3377 577 3464 receptio
589 3420 601 3441 .
615 3378 695 3467 Quo
718 3387 866 3471 tempore
882 3396 979 3457 ,cunr

187 3562 240 3640 (r)
279 3562 313 3620 lt
327 3562 370 3623 ul.
388 3561 520 3638 elfuinus
531 3563 621 3623 mele.
910 3465 979 3550 du}
