2542 4350
226 489 325 581 xcvi
392 491 584 606 Jacour
623 483 901 576 Snuoncri

222 611 314 696 iaris
345 609 524 720 cognitos
563 613 601 692 8(
645 603 863 720 perspedlos
898 602 1062 716 habuij

224 731 302 812 hoc
333 727 381 810 de
412 756 459 810 eo
490 729 687 811 affirmare
727 754 806 809 non
840 721 1058 832 dubitem,

222 849 311 962 plus
344 846 456 930 illum
487 844 629 931 doloris
668 844 821 959 semper
859 866 911 927 ex
944 844 1062 929 malis

221 965 385 1051 haufiffe
416 963 729 1072 communibus,
761 984 977 1072 contraque
1009 989 1064 1047 ex

222 1084 388 1199 publicis
419 1082 639 1169 commodis
657 1081 792 1196 gaudii
812 1143 825 1190 ‚
857 1110 981 1192 quam
999 1109 1064 1166 re·

222 1205 294 1287 bus
343 1201 417 1286 suis
458 1205 523 1289 vel
561 1200 734 1288 secundis
775 1202 928 1286 laetatus
970 1201 1063 1309 fit,

223 1323 291 1407 vel
320 1319 489 1405 adversis
521 1319 719 1405 doluerit.
751 1318 870 1406 Idem
887 1318 1064 1404 moribus

224 1439 304 1524 fuit
334 1439 564 1549 facillimis,
595 1439 732 1524 animo
747 1461 887 1554 aperto
906 1467 951 1523 ac
971 1439 1065 1525 srm-

224 1558 351 1675 plici,
383 1580 523 1644 natura
541 1559 707 1644 omnino
734 1557 784 1643 ad
815 1555 1066 1649 iracundiam

219 1677 476 1792 proclivior,
517 1677 581 1762 sed
621 1676 705 1790 ejus
752 1675 1063 1792 comprimenda

216 1796 361 1882 alirdua
394 1797 656 1884 meditatione
687 1819 850 1884 tantum
882 1795 1058 1912 profece-

216 1939 314 2025 rat,
334 1939 393 2000 -ut
425 1919 554 2002 lentus
571 1917 703 2030 potius
735 1917 809 2002 else
829 1916 1056 2001 videretur:

192 2049 195 2059 '
220 2063 267 2119 ac
299 2035 327 2118 sl
358 2034 517 2145 quando
535 2035 655 2148 paulo
675 2035 768 2118 elset
787 2034 1060 2144 commotior,

223 2177 314 2236 turn
347 2154 525 2236 maxime
556 2151 688 2239 sedata
718 2157 874 2243 &voce
905 2159 945 2241 8<
975 2184 1060 2240 ora·-

221 2272 334 2354 tione
376 2294 599 2356 uteretur.
647 2273 860 2361 Amicitias
901 2273 1059 2360 summa

221 2418 315 2475 cum
349 2386 424 2474 lide
460 2453 473 2500 ‚
515 2392 883 2505 &quibuscunque
924 2395 1058 2509 potuit

219 2508 356 2594 officiis
374 2510 497 2596 coluit
517 2542 526 2595 ε
559 2511 754 2599 familiam
774 2512 882 2598 luam
903 2542 948 2597 ea
967 2514 1060 2599 cha·

218 2629 342 2714 ritate
381 2628 437 2715 est
477 2630 704 2744 prosecutus
743 2698 757 2743 ‚
799 2656 844 2719 ut
874 2662 966 2719 curn
1007 2633 1057 2717 de

152 2746 164 2761 “’
218 2746 294 2831 suis
326 2748 582 2857 minimum,
615 2750 664 2833 de
695 2753 798 2837 illius
829 2750 1052 2838 commodis

217 2866 436 2976 plurimum
456 2865 681 2949 laboraret.
712 2876 872 2953 Patrem
893 2931 906 2974 ‚
939 2872 1050 2973 juve·

214 2983 276 3065 nis
297 3012 306 3060 :
340 3004 510 3065 matrem
531 2981 680 3092 ,Usenex
699 3046 713 3091 ‚
730 2983 814 3068 fere
842 2982 862 3018 ⁴‘
889 2982 1050 3099 olloge·

212 3100 367 3184 nariam
398 3100 557 3185 amisit:
591 3100 729 3187 ambos
768 3101 898 3215 quoad
939 3106 1049 3191 vixe-

953 3246 1048 3308 sulit

252 3338 269 3367 '¹
309 3341 505 3413 octogenariam
524 3346 612 3414 amlfir
626 3358 658 3421 .]
680 3350 802 3420 Contigit
821 3352 846 3403 id
861 3366 930 3403 cuno
943 3349 1049 3405 circiter

215 3423 297 3480 1528.
312 3422 481 3494 Quamquam
500 3427 571 3478 enirn
602 3439 671 3481 torn.
692 3432 743 3481 tri.
761 3448 868 3498 operum
892 3432 1048 3481 Snuocm

210 3496 431 3553 edinveroncnsrs
442 3520 467 3569 p.
473 3521 520 3565 30.
534 3507 634 3573 legatur
644 3508 913 3575 SauottrtEpistola
928 3509 1047 3569 adJoan·

207 3588 267 3621 nem
280 3578 460 3631 Camerarium
476 3582 644 3649 Dalburgium
662 3586 815 3653 Episcopum
832 3586 1044 3638 vormaciensem

205 3646 255 3701 hoc
270 3651 349 3707 titulo
362 3657 506 3728 inscripta:
528 3664 708 3733 Philosophia
727 3669 932 3736 consolationes,
944 3662 975 3715 (9⁸
991 3679 1044 3712 me·

968 3740 1041 3793 dira·
