2542 4350
318 502 364 572 46
491 496 688 568 Aurottn
709 496 1005 570 nonnum

320 582 477 672 exemplo
498 590 688 664 admoniti,
711 593 742 655 dc
762 589 1115 676 perspeettjlliueten

324 674 420 738 sedis
454 677 659 762 benignitate
692 691 793 759 atque
825 680 1048 766 indulgentia
1078 730 1089 760 ,
1118 684 1125 699 '
1165 674 1184 755 ,⁸

324 782 459 846 qnoque
472 764 683 850 relipiscaut,
707 771 736 832 li
749 767 873 831 Christi
895 771 1075 837 vicarium
1090 771 1130 836 lal
1189 777 1192 780 ’

325 851 373 914 tin
396 872 509 915 eorum
533 855 696 917 fitieutem
718 857 833 939 potius
854 859 1007 922 audiant
1034 862 1121 945 aliqu

325 939 399 1012 do,
422 960 615 1021 quantem,
638 944 792 1025 aquibus
806 944 946 1030 decepti
968 951 1129 1036 jampride

323 1030 354 1092 Sc
370 1028 409 1091 ab
424 1028 569 1092 Ecclelia
580 1031 699 1096 Christi
723 1030 863 1118 separati
881 1035 1030 1102 fuerunt
1046 1080 1058 1102 .
1082 1041 1149 1124 liqu'

327 1114 404 1177 dem
418 1117 476 1196 qui
490 1118 568 1181 huic
590 1118 639 1182 rei
653 1119 879 1193 interfuerim,
908 1127 942 1190 ἃ
955 1130 1156 1209 quemadmn

326 1203 499 1267 damaeta
523 1202 583 1267 illa
606 1221 706 1292 atque
725 1209 868 1272 confecta
909 1213 991 1288 lit,
1015 1216 1158 1296 viderim

327 1311 397 1374 quo
417 1290 551 1365 lludio,
573 1312 640 1378 qua
665 1294 789 1380 pictate
806 1299 934 1363 horum
969 1307 1158 1386 optimorun

326 1380 476 1465 Regum,
500 1399 655 1463 quaeura
677 1423 690 1452 ,
713 1382 967 1466 qua-industria
993 1392 1159 1459 Santliffi'

326 1467 392 1533 viri
418 1511 431 1543 ‚
454 1472 483 1535 dr
508 1466 725 1553 sapientiffimi
742 1471 889 1534 hominis
919 1477 1001 1541 Poli
1031 1483 1160 1566 Legati:

326 1575 393 1641 qua
415 1553 619 1623 couseuliune
629 1599 643 1632 ,
666 1578 730 1642 qua
742 1559 943 1635 concordia,
970 1570 1102 1648 quibus
1119 1575 1164 1656 ‚l

324 1663 423 1730 quam
449 1643 533 1708 latia
558 1645 850 1712 acclamationibus
872 1651 1024 1718 universi
1052 1663 1162 1745 Anglo·

320 1754 394 1797 rum
407 1731 577 1810 concilii,
601 1751 731 1799 tantum
744 1735 905 1799 adventus
927 1742 998 1806 lruc
1014 1749 1086 1810 mei
1111 1752 1161 1813 fru-

317 1824 407 1886 (lum
425 1821 512 1905 coepi
525 1866 539 1898 ,
561 1837 754 1907 tantamque
779 1823 966 1900 letitiam,
994 1847 1037 1894 ut
1064 1838 1163 1899 nullin

320 1910 405 1975 mihi
427 1924 502 1973 tota
525 1911 681 1975 vitadien
697 1910 826 1984 letior,
848 1913 967 1978 nullus
999 1925 1162 1994 jocundio

321 1995 477 2066 iiluxerit
489 2038 501 2060 .
512 2000 580 2065 litii
595 2015 707 2064 autem
723 1999 876 2084 lingulati
895 2005 1050 2084 quadarn
1067 2012 1164 2078 dicen·

318 2088 355 2151 di
379 2083 535 2152 facultate
547 2088 702 2153 malerice
725 2088 823 2172 digua
842 2105 942 2168 erat3
969 2114 1042 2159 nou
1067 2097 1163 2181 cujul-

317 2178 410 2241 modi
436 2175 468 2239 iu
488 2178 621 2253 mccli,
646 2175 867 2260 fiquamodo
886 2178 919 2241 iu
943 2203 998 2248 me
1023 2188 1098 2258 este
1123 2203 1163 2254 ta.

320 2286 396 2329 meu
418 2261 517 2327 ausus
531 2261 601 2328 sum
620 2265 738 2328 hurum
765 2265 892 2346 Regum
905 2266 1077 2351 pietatem
1105 2277 1165 2341 lau·

320 2354 426 2424 dare,
449 2356 620 2417 &tantum
641 2369 726 2414 ouon
743 2350 889 2413 humeris
914 2367 986 2417 taur
1012 2358 1164 2430 imbecil.

321 2441 366 2505 lie
389 2437 532 2506 sustuli.
558 2443 594 2505 ln
622 2458 690 2523 qno
716 2435 922 2523 suscipiendo
951 2464 1019 2526 prae
1049 2449 1166 2518 latitia

320 2530 504 2603 nimirum,
526 2524 794 2597 &admiratione
815 2540 913 2591 tautoe
936 2530 1010 2607 eei,
1036 2552 1081 2602 ut
1112 2544 1166 2617 fit,

316 2618 600 2790 illitati
612 2616 1034 2789 ‚lz‘tffsitnlflllffl
1051 2643 1165 2783 2353

318 2798 402 2863 mihi
418 2753 547 2880 ell’pru
572 2811 643 2859 mea
666 2791 814 2863 summa,
836 2753 1042 2880 &perpetua
1066 2801 1100 2868 in
1131 2820 1164 2869 te

321 2883 528 2951 observantia
544 2900 606 2947 una
619 2901 695 2944 cum
708 2881 761 2943 hin
775 2879 883 2945 literis
898 2883 941 2945 ad
954 2898 988 2949 te
1004 2888 1161 2958 mittere.

316 2971 514 3039 Existimtvi
525 2968 609 3033 enim
625 2983 659 3031 te
674 3012 684 3043 ‚
709 2968 792 3053 qui,
816 2989 876 3054 pro
896 2986 955 3036 tua
968 2975 1162 3045 humanita-

315 3074 349 3125 te
374 3103 386 3133 ,
410 3080 473 3125 nou
496 3055 621 3118 invitus
652 3058 761 3121 nostra
785 3058 891 3143 legere
915 3058 1025 3130 soleae
1041 3071 1158 3144 ,hanc

313 3142 551 3213 oratiunculam
577 3145 837 3231 propter.ipfiun
851 3166 1085 3235 argumentum
1099 3171 1154 3222 tua

311 3236 434 3323 pietate
447 3229 789 3316 diguillimumrmulto
802 3233 962 3303 libentius
975 3242 1037 3306 ell'e
1052 3242 1155 3310 ledlu·

312 3345 409 3390 rum·
433 3320 516 3390 Vale
531 3366 541 3397 ‚
565 3326 594 3389 δι
615 3339 666 3382 me
691 3362 701 3393 2
725 3336 762 3383 ut
777 3317 902 3411 semper
917 3329 1019 3395 fecisti
1038 3343 1155 3401 tuere.

314 3408 695 3481 Londin0v11.1d·lan.
714 3422 831 3500 MDWq

481 3599 974 3712 FINIS.
