2542 4350
233 496 280 578 iv
394 490 581 600 Jrcorrr
620 481 897 569 Stoornrr

228 629 320 725 pter
348 599 679 686 admirabilem
668 603 818 716 rugenii
859 601 945 684 vim
976 630 1075 718 pro·

231 726 418 830 fecerat,
451 741 496 803 ut
528 746 608 829 qua
641 741 757 802 atate
800 720 923 804 ceteri
966 722 1080 805 labo·

232 869 320 928 rare
352 839 393 922 in
434 838 589 952 linguis
607 834 796 921 discendis
837 836 995 946 solent,
1032 867 1080 925 ea

234 968 389 1048 Graecas
421 956 500 1071 ipse
479 960 571 1040 e&
604 957 765 1042 Latinas
801 955 934 1040 literas
965 979 1081 1072 egre·
1103 980 1106 987 ’

237 1080 301 1193 gie
331 1078 509 1189 callens,
542 1074 764 1159 nobililstmi
781 1075 965 1158 omniurn
988 1077 1082 1189 phi·

237 1194 392 1310 losophi
426 1216 622 1308 precepta
639 1192 919 1307 cognosceret.
953 1200 1081 1280 Hunc

234 1315 353 1400 tali
345 1314 506 1425 mgenio
525 1311 768 1424 praeditum,
796 1336 919 1422 arque
938 1314 996 1396 ita
1017 1315 1085 1398 in·

240 1432 457 1537 stitutum,
490 1451 605 1544 pater
634 1427 867 1544 ampleEli
856 1430 950 1542 jutis
981 1432 1084 1515 civi·

237 1551 291 1637 lis
310 1548 479 1633 studium
497 1547 677 1632 voluisset
697 1548 714 1662 (
733 1550 950 1662 plerunque
970 1550 1086 1636 enim

245 1670 324 1753 hoc
353 1669 430 1775 frt,
460 1693 507 1752 ut
537 1689 718 1781 patentes
748 1669 891 1779 quibus
921 1669 989 1781 ipsr
1017 1697 1088 1752 ar·

246 1789 356 1872 tibus
396 1792 436 1874 8(
467 1786 597 1871 studiis
629 1785 754 1871 dediti
791 1787 940 1872 suerint
969 1846 982 1893 ,
1008 1786 1105 1869 eis·›

217 1934 219 1939 ·
251 1906 347 1993 dem
389 1908 532 1991 liberos
569 1904 656 1987 suos
686 1933 845 2018 operam
888 1905 980 1988 dare
1014 1935 1121 1993 eu·⁴

281 2018 406 2128 iant)
437 2022 499 2102 sed
531 2043 668 2100 tamen
701 2045 852 2102 naturae
883 2050 1016 2128 eum,
1051 2028 1095 2108 8(

249 2138 381 2224 lludiis
411 2135 483 2217 suis
515 2131 675 2243 obsequi
708 2135 831 2247 passus
864 2139 953 2219 est.
988 2149 1096 2225 Ete-

252 2257 339 2342 nim
379 2251 555 2363 egregius
592 2251 815 2338 adolescens
842 2255 1091 2365 majorum:

204 2370 216 2389 ‘
251 2373 335 2485 jam
369 2376 406 2453 8(
439 2368 669 2481 graviorum
701 2374 849 2457 artium
878 2374 1000 2458 studio
1034 2397 1099 2461 te·

253 2491 452 2579 nebatur:
486 2489 723 2600 eloquentia
755 2493 863 2576 enim
892 2498 932 2579 8(
965 2494 1098 2607 philo·

255 2610 402 2724 sophia
432 2637 566 2693 amore
597 2610 826 2697 exarserat.
853 2620 995 2722 Itaque
1029 2616 1100 2698 Ci-

187 2724 190 2728 ’
258 2758 447 2814 eerouem
481 2730 589 2835 sibi,
621 2734 660 2813 8(
692 2731 946 2817 Aristotelem
987 2732 1102 2843 peni·

259 2866 325 2931 tus
357 2844 641 2956 cognoscendos
673 2848 967 2962 proposuerat:
1000 2876 1101 2957 quo·

262 2993 356 3049 tum
389 2991 447 3046 ex
486 2966 611 3047 altero
639 2967 983 3103 philosophorum
1015 2995 1104 3050 om·

264 3084 379 3167 nium
411 3081 621 3195 principe,
653 3112 787 3169 rerum
805 3088 1103 3199 cognitionem,

264 3227 317 3285 ex
349 3200 473 3281 altero
504 3201 658 3285 Latina
690 3204 926 3314 eloquentia
967 3229 1107 3319 paren·

264 3338 349 3423 te,
380 3317 567 3402 orationis
604 3320 841 3433 elegantiam
876 3325 1135 3437 &copiam

269 3434 493 3520 hauriret.
533 3443 619 3522 Nec
661 3469 757 3526 vero
802 3469 885 3525 non
933 3446 1108 3553 poetices

272 3554 396 3640 etiam
427 3552 735 3645 studrosusfurr
769 3558 910 3675 inqua
941 3558 1110 3668 quidem

439 3737 444 3749 .
980 3701 1112 3785 quau
