2542 4350
273 439 331 502 ex
432 416 627 531 licon
656 408 937 498 Senem!

273 540 411 623 Roma
440 535 482 618 8(
510 528 742 646 potentibus
781 526 879 613 viris
907 520 1125 616 observans

252 650 335 738 κ(ἱίς
374 678 443 738 me
471 647 658 738 dediffem
687 643 709 748 (
738 644 911 763 quodis
957 645 1045 735 sere
1074 645 1129 737 ad

275 772 411 860 lucem
440 774 482 860 8(
511 770 564 858 ad
600 769 875 885 cognitionem
905 765 1129 855 hominum

274 891 464 979 omnibus
503 891 734 1006 ingenuis,
773 893 814 976 8(
848 886 1128 1003 praestantibus

276 1010 426 1098 animis
454 1007 585 1099 aditus
614 1009 767 1127 primus
783 1029 906 1121 atque
932 1006 1128 1097 introitus

276 1129 353 1219 effe
383 1125 628 1243 videbatur)
669 1128 756 1215 usus
787 1129 950 1214 illorum
987 1122 1129 1214 anilo·

273 1248 398 1337 ritate
428 1253 470 1339 8(
486 1248 648 1337 confilio
677 1247 727 1336 ad
753 1275 845 1334 eam
871 1245 970 1334 vitae
998 1247 1129 1336 ratio·

274 1396 373 1457 nem
401 1397 472 1459 me
501 1367 687 1479 contuli,
718 1394 807 1480 quae
823 1365 952 1454 soluta
980 1371 1024 1456 &
1054 1396 1129 1456 εκ·

275 1488 392 1602 lebs,
418 1518 467 1578 ac
503 1485 766 1579 sacerdotum
805 1485 939 1573 ordini
967 1486 1125 1604 legibus

276 1610 417 1697 nostris
441 1607 699 1728 praescripta,
728 1607 858 1723 magis
876 1607 1006 1694 etiam
1030 1636 1129 1698 cum

278 1729 384 1820 meis
423 1730 675 1848 optimatum
710 1726 863 1818 artium
909 1723 1046 1814 studiis
1084 1731 1128 1817 8(

277 1850 606 1970 occupationibus
631 1847 904 1966 congruebat.
932 1853 1129 1967 Quarum

274 1996 353 2087 ego
382 1973 534 2059 artium
561 1998 701 2057 amore
730 1970 1030 2083 inflammatus,
1058 1995 1128 2056 ce·

276 2111 365 2179 tera
394 2089 533 2178 omnia
562 2087 659 2173 vilia
684 2089 726 2175 8(
753 2087 859 2175 mihi
886 2087 1125 2206 posthaben-

274 2205 328 2294 da
359 2209 434 2296 esse
470 2205 879 2318 ducebam.1taque
919 2231 1128 2323 quantum

274 2326 381 2413 mihi
411 2323 464 2411 ab
488 2323 749 2413 observantiae
773 2328 916 2414 officiis
946 2330 1065 2417 vacui
1083 2332 1126 2419 8(

273 2441 390 2532 liberi
420 2443 612 2563 temporis
639 2446 983 2563 relinquebatur,
1013 2442 1126 2563 quod

271 2587 359 2651 erat
391 2585 481 2651 tum
499 2563 665 2680 quidem
694 2568 949 2685 plurimum,
981 2590 1126 2658 totum

272 2682 317 2771 in
333 2682 590 2801 Philosophia
608 2750 624 2799 ‚
654 2692 695 2777 8(
713 2688 756 2775 in
774 2686 998 2777 volutandis
1016 2687 1126 2779 sum·

273 2829 436 2892 morum
467 2804 695 2896 Auiiorum
733 2809 844 2897 libris
880 2834 1127 2897 monumen·

272 2921 403 3036 tisque
443 2926 623 3013 terebam
657 2990 672 3037 ,
713 2924 858 3041 dieque
905 2957 954 3016 ac
1000 2924 1124 3016 nobie

270 3044 418 3134 Grecis
458 3050 499 3133 &
537 3044 695 3135 Latinis
734 3047 967 3135 insudabam
1008 3048 1121 3135 litte·

271 3163 325 3249 ris
340 3192 354 3274 3
385 3162 539 3279 semper
567 3164 609 3252 id
634 3165 770 3276 mihi,
801 3167 910 3281 quod
934 3167 1004 3254 illa
1023 3189 1119 3266 aetas

274 3304 364 3367 tum
394 3282 578 3396 ferebat,
609 3284 805 3400 praecipue
843 3288 995 3374 habens
1022 3314 1118 3402 pro<

273 3401 478 3516 pofitum,
510 3427 556 3490 ut
582 3405 637 3491 eis
658 3404 863 3491 imitandis
895 3432 995 3518 quos
1025 3405 1118 3493 affi-
1187 3511 1189 3515 Ι

277 3517 353 3611 due
383 3522 599 3642 legebam,
631 3524 984 3615 immortalitatem
1022 3524 1120 3610 alse-

1021 3666 1121 3759 que:
