2542 4350
432 467 520 553 ibt
551 494 581 552 τ
612 485 670 553 ni
865 469 968 560 xxiii

124 579 245 673 reilic
275 577 471 668 bonorum
516 582 787 677 voluntatibus
817 587 966 698 favet,

124 712 267 793 Deus.
299 707 464 791 Etenim
498 727 581 788 tum
604 735 830 820 opportuno
864 730 967 790 tem·

125 851 224 939 pore
265 821 472 931 disceffit‚
514 850 558 907 ut
590 827 658 911 vix
700 826 782 911 dies
825 824 972 940 viginti

126 944 180 1027 ab
213 943 296 1052 ejus
328 939 483 1029 discellu
517 943 801 1031 intercesserint
828 1007 842 1052 ‚
873 971 969 1030 cunt

130 1061 224 1147 urbs
258 1070 391 1148 Roma
417 1093 441 1169 ,’
462 1059 629 1176 decepto
668 1093 692 1147 a
729 1064 861 1149 Caroli
900 1062 971 1147 du·

130 1180 242 1265 cibus
292 1210 361 1294 per
402 1179 575 1268 inducias
614 1180 865 1287 Clemente,
905 1181 973 1265 ab·

132 1299 242 1384 sente
262 1299 344 1415 ipso
360 1299 577 1412 ignaroque
596 1299 615 1415 (
634 1327 678 1387 ut
711 1302 846 1416 opinio
866 1295 971 1412 fuit)

130 1421 309 1526 earolo,
340 1443 456 1534 capta
486 1443 608 1532 atque
639 1416 659 1456 ’‘
689 1421 845 1535 direpta
876 1417 934 1502 est
956 1450 973 1504 ·:

133 1560 180 1620 ut
211 1539 242 1620 is
274 1539 457 1652 lingulati
475 1543 553 1628 Dei
584 1569 677 1653 erga
709 1539 746 1622 se
778 1536 970 1626 beneficio

134 1656 315 1739 horribili
353 1657 412 1745 illi
456 1657 557 1746 cladi
606 1654 823 1746 subtractus
865 1653 975 1739 fuisse

135 1771 347 1856 videatur.
379 1778 494 1857 Tum
512 1801 608 1856 vero
627 1836 641 1883 ,
673 1800 904 1882 quanquam
923 1770 977 1854 se·

136 1917 183 1978 ro
222 1885 471 1981 intellellum
512 1888 614 2004 cst,
655 1916 782 2007 quam
814 1893 853 1976 &
887 1915 978 2002 pru·

888 2005 983 2094 den·

178 2163 196 2197 ⁸
244 2168 354 2238 Direpta
371 2164 427 2230 eil.
445 2173 458 2238 J
479 2201 501 2234 „
523 2169 609 2219 llorne
630 2167 713 2237 igitur
731 2162 858 2236 protenus
881 2164 982 2227 (scri.

142 2278 168 2313 „
189 2245 229 2296 bit
252 2246 304 2313 ipse
315 2249 449 2298 Sedoletur
459 2248 533 2309 lulio
541 2248 673 2303 Toletano
684 2245 805 2314 ).vigiuti
821 2242 911 2295 rliebur
923 2245 983 2315 ipo·

143 2356 167 2391 „
189 2336 327 2391 antequem
351 2324 410 2375 urbs
430 2337 587 2390 reperetur,
608 2342 641 2379 eo
652 2323 744 2376 animo
765 2318 983 2389 cerpenaoreue

142 2434 166 2469 „
188 2401 274 2467 redii,
295 2417 323 2453 ut
343 2402 385 2452 hic
397 2402 563 2452 domicilium
584 2419 636 2452 oon
657 2403 738 2452 solunt
753 2399 872 2469 corporis
891 2398 986 2453 &for-

143 2511 165 2545 „
188 2491 330 2542 cunarum,
344 2480 384 2529 sed
399 2479 516 2532 omniurn
532 2478 663 2531 rationum
677 2477 894 2543 consiliorumque
910 2495 986 2529 tneo·

144 2588 168 2623 „
189 2571 270 2621 runt,
292 2556 373 2607 torius
394 2556 504 2623 denique
524 2572 584 2605 meae
602 2556 666 2613 uitoe
693 2568 846 2620 perpetuum
868 2544 988 2606 colloca·

151 2666 175 2700 ‚‚
195 2649 247 2682 rem
269 2663 312 2695 „.
335 2632 511 2686 Etinliterie
536 2631 598 2681 Duri
621 2633 742 2684 Sexonioe
764 2661 776 2694 ,
802 2627 871 2681 darie
895 2634 988 2682 llonrn

146 2726 213 2763 xlv·
232 2711 368 2771 Cel-Julii
385 2725 430 2763 eo.
454 2726 538 2776 15³7·
559 2709 670 2762 liban.
690 2705 763 2775 epist.
780 2722 808 2762 ι.
828 2736 851 2771 ,,
870 2710 920 2758 llic
939 2724 990 2776 ego

143 2820 168 2854 „
188 2787 303 2855 (inquit
316 2797 330 2855 )
344 2789 387 2853 spe
406 2800 494 2853 erepta
505 2819 515 2852 ,
537 2786 603 2853 posse
617 2786 729 2853 amplius
752 2800 797 2851 per
825 2798 867 2835 rue
891 2785 991 2853 Reipu-

145 2896 170 2929 ‚,
192 2865 263 2913 bliee
279 2865 384 2917 *consuli
400 2882 411 2931 ,·
433 2865 564 2931 privatum
580 2879 672 2918 ‚autem
686 2878 772 2915 meum
794 2866 986 2926 commodum,

146 2959 171 3006 e,
192 2958 273 3008 neque
293 2941 461 3006 inhonore,
482 2958 564 3010 neque
584 2942 735 2993 infortuna
755 2939 893 2992 admodum
918 2958 991 3009 que·

146 3050 170 3085 „
192 3034 273 3081 reus,
294 3018 430 3088 potiusque
449 3019 546 3084 eligens
566 3014 588 3063 ἃ
611 3020 668 3068 Deo
688 3015 812 3078 simini,
833 3014 856 3064 ἃ
876 3016 990 3082 peculie-

147 3128 171 3162 „
193 3095 264 3145 ribus
276 3096 379 3161 populis
397 3096 462 3146 meir
476 3096 646 3161 satisfacere,
666 3109 739 3145 trane
761 3095 838 3157 Alpes
853 3112 893 3144 me
906 3111 993 3147 meam

148 3201 172 3239 „
194 3173 224 3222 ad
256 3172 392 3223 Ecclefiern
414 3170 626 3237 Carpenl'loree'le
648 3171 749 3223 contuli
774 3168 909 3234 ‚adiutus
933 3185 992 3225 tum

147 3280 170 3315 „
190 3250 272 3300 etiem
299 3249 417 3315 singulari
445 3250 493 3300 Dei
518 3249 644 3300 beneficio
664 3281 675 3314 ,
695 3248 765 3319 quod
783 3250 881 3315 viginti
902 3250 992 3303 diebus

145 3358 170 3394 „
193 3328 250 3393 ipso
264 3341 326 3379 eote
340 3331 425 3380 Roma
441 3328 496 3377 sutn
520 3328 629 3394 egrelsue
638 3360 649 3392 ‚
666 3344 748 3396 quem
774 3328 855 3378 eludit
877 3326 994 3378 horribi.

146 3437 171 3471 „
193 3406 225 3454 lie
239 3422 267 3455 ac
283 3405 397 3471 direptio
411 3404 471 3456 huic
488 3405 544 3456 urbi
557 3405 683 3455 incideret
705 3436 728 3469 „
746 3438 755 3455 .
778 3405 874 3455 lncidit
889 3423 919 3455 ee
938 3409 995 3456 cla·

145 3484 193 3533 dee
218 3482 301 3545 pridie
312 3486 404 3533 Nonne
428 3482 497 3538 Meli
521 3498 590 3532 anno
616 3496 700 3543 ¹5²⁷·
731 3480 936 3547 irrumpentibus
964 3482 993 3538 in

149 3559 242 3611 urbem
268 3559 379 3612 hostibus
403 3576 447 3625 per
472 3558 541 3610 Sixti
565 3572 671 3625 poutcrn
690 3559 735 3607 sub
763 3559 879 3609 occasum
900 3558 961 3608 solie
987 3596 997 3614 .

153 3634 240 3701 liniue
263 3649 351 3693 eutem
373 3636 456 3691 tlerlie
477 3635 612 3690 historiam
639 3635 731 3691 lerini·
752 3635 839 3689 licerit
860 3636 997 3690 mandevit

938 3716 997 3768 ce·
