2542 4350
368 432 429 490 103
513 419 711 490 Jacoul
742 424 1044 495 SADOLETI

369 514 570 583 fiderentec,
592 528 631 573 ut
643 512 753 592 aliqua
770 508 836 576 sese
854 516 950 576 nobit
970 519 1091 580 offerat
1107 540 1192 585 occa

371 604 439 672 sio,
463 613 500 662 ut
523 597 605 679 quid
627 599 668 663 de
691 616 748 663 tua
764 598 918 682 singulari
941 618 1058 666 natura
1079 601 1192 671 sentia.

369 709 467 761 mue,
491 702 692 769 quantumve
707 699 764 746 tua
780 684 874 750 causa
887 689 1086 771 cupiamus,
1111 698 1192 778 poffi=

369 797 445 839 mus
467 775 530 838 tibi
547 771 753 839 memorabili
776 772 987 856 aliquantae
1010 780 1192 858 declarare

367 866 459 945 quod
473 880 582 926 tamen
595 863 671 924 Deo
686 857 814 945 auspice
828 863 978 925 futurum
989 868 1190 931 confidimns

370 951 433 1014 Sed
453 957 485 1018 ἃ
507 950 546 1012 de
562 949 616 1010 bia
638 948 790 1011 omnibus
810 990 821 1019 ‚
843 952 873 1013 Sc
896 967 996 1031 quam
1019 972 1180 1037 optemus

369 1038 572 1114 Maiestatem
586 1051 678 1098 tuam
700 1056 767 1117 qua
780 1036 858 1097 bene
875 1052 984 1119 coepta
1002 1033 1134 1106 suntad
1152 1042 1192 1108 sa.

371 1125 514 1188 luterem
536 1126 630 1185 finem
653 1120 840 1195 deducere,
862 1118 1038 1187 scribimus
1060 1130 1192 1194 Nuntiir

369 1213 513 1283 uostris,
538 1223 658 1271 utcum
672 1208 837 1283 Maiestate
850 1222 908 1269 tua
932 1212 1044 1275 nostro
1064 1218 1192 1281 nomine

368 1295 638 1369 communicent3
662 1298 783 1376 quibus
802 1295 859 1355 illa
884 1296 980 1358 fidem
1003 1302 1124 1365 babere
1145 1305 1192 1365 di.

366 1376 539 1469 gnabitur.
562 1382 690 1445 Datum
704 1380 867 1445 Malliana
878 1383 932 1447 die
951 1406 985 1459 4.
1000 1386 1085 1465 Maii
1106 1409 1187 1467 ¹5¹¹

368 1490 455 1535 auno
468 1488 575 1533 nono.

433 1556 571 1620 Gratiae
583 1555 645 1619 tibi
660 1574 740 1639 qnae
755 1554 921 1640 possumus
941 1559 1100 1625 habemns
1112 1606 1126 1637 ,
1136 1568 1192 1637 Re.

369 1644 576 1730 demptorem
594 1646 739 1706 nostrum
764 1642 933 1708 bumiliter
957 1646 1192 1731 deprecantes⁴¹

369 1732 433 1795 tibi
447 1728 604 1795 concedat
616 1730 767 1817 prospera
780 1731 915 1805 cundia.
939 1731 1079 1817 impleat
1097 1734 1192 1804 san&

367 1818 551 1887 desideria,
574 1818 765 1901 tribuatque
783 1817 945 1895 Maiestati
969 1834 1032 1883 tun
1056 1824 1192 1895 similem

369 1903 495 1990 semper
513 1903 682 1981 animum,
706 1910 736 1971 u
752 1924 859 1990 parem
876 1906 1057 1974 virtutem.

460 1992 563 2060 Verba
579 2016 674 2060 mauu
682 1996 814 2080 propria
826 1995 881 2057 5⁵.
892 2002 933 2061 D·
950 2001 996 2066 N

370 2197 982 2266 numennumen.

446 2344 474 2405 X
498 2343 622 2407 litteris
642 2365 775 2428 quoque
800 2347 1030 2427 Nautiorum,
1052 2355 1192 2422 testimo

453 2429 578 2515 niisque
602 2433 811 2509 multorum,
835 2451 907 2500 tum
932 2440 1000 2529 ipsa
1025 2442 1060 2505 in
1085 2445 1192 2528 primi

366 2519 455 2580 fama
470 2519 688 2604 divulgante,
712 2543 783 2605 qua
796 2525 924 2589 nullum
944 2531 1063 2595 clarina
1077 2531 1192 2595 naam

364 2602 467 2670 latere
485 2607 583 2684 finit,
607 2609 649 2670 ad
669 2628 728 2672 nos
753 2613 916 2697 perlatum
932 2617 975 2680 est
995 2661 1005 2693 ,
1029 2617 1186 2684 Nobilita

365 2705 434 2755 tem
457 2709 546 2759 tuam
576 2695 610 2758 in
636 2700 694 2760 bac
717 2700 844 2769 cauffa,
869 2702 901 2764 in
924 2722 990 2786 qua
1012 2706 1192 2772 catholica

366 2779 443 2843 fidei
460 2782 548 2846 salue
560 2785 589 2847 de
603 2784 726 2848 veritae
739 2786 952 2870 consistebat,
975 2805 1103 2857 tantam
1121 2814 1192 2879 prae·

362 2866 476 2932 stitisse
507 2868 666 2932 virtutem
692 2913 704 2944 ,
727 2892 764 2938 ac
795 2872 991 2942 damnandis
1027 2883 1192 2946 erroribua

365 2953 503 3018 Martini
529 2955 686 3028 bertheri,
714 2958 850 3045 ipsoque
874 2983 935 3047 pro
958 2967 1143 3043 bierttico,
1167 2989 1192 3032 u

367 3041 500 3122 quidem
523 3042 569 3103 est
592 3084 604 3114 ,
626 3049 844 3130 reputando,
867 3063 994 3117 tantam
1017 3054 1192 3122 adhibuiffi

361 3131 391 3191 dr
409 3125 598 3209 religionem
624 3130 719 3195 simul
743 3136 994 3221 &prudentiam
1013 3184 1025 3217 ,
1047 3157 1087 3205 ut
1111 3157 1192 3210 cette

364 3215 439 3277 Deo
452 3213 575 3296 gratias
589 3233 682 3296 agere
700 3224 863 3287 maximas
883 3225 1060 3292 debeamus
1074 3273 1086 3302 ,
1108 3234 1192 3313 quot

365 3299 443 3362 talia
457 3301 520 3362 viri
536 3300 731 3385 Prasatique
745 3310 891 3375 animum
908 3310 957 3378 sui
981 3312 1083 3379 sancii
1099 3316 1192 3404 Spiri

361 3398 417 3448 tur
443 3387 515 3468 igne
543 3389 738 3466 afflaverit,
775 3397 908 3482 eiusque
935 3404 1192 3472 constantiamd

360 3472 523 3557 pietatem
538 3476 680 3543 maxime
695 3486 867 3549 necessario
891 3499 1039 3575 tempore
1061 3513 1123 3574 pro
1137 3491 1192 3558 sua

359 3558 473 3627 sancia
490 3561 583 3632 Fidei
596 3566 737 3657 candore
758 3571 983 3644 conservando
1002 3592 1117 3644 contra
1134 3580 1192 3644 im.

1104 3689 1192 3756 pauu
