2542 4350
88 472 106 551 Ι
296 466 522 537 Epistola
546 463 840 542 Pontltlcmt
928 470 1001 556 '145‘

88 576 104 639 Ι
149 571 261 626 temen
275 563 446 645 postquam
469 559 544 621 Deo
561 560 800 644 Omnipotenti
819 555 911 620 aliud
939 564 993 626 vi.

88 682 97 729 t
149 644 223 714 sum
247 648 319 723 est,
344 665 443 732 atque
466 649 631 724 ejutnutu
659 667 695 711 ac
714 645 874 718 numine,
899 666 993 716 arma

88 768 97 815 t
148 755 216 801 non
231 759 287 824 per
301 733 573 823 compositionem
591 734 720 800 dimiss‘t
736 730 839 811 sunt,
865 734 919 799 sed
935 759 993 822 per

147 823 322 890 victoriam
337 828 506 900 detrall23
529 825 565 888 id
582 826 673 910 quod
695 823 828 896 evenit,
855 829 994 892 eveniffe

145 931 213 977 noe
230 917 365 999 quidem
380 913 548 986 letamur,
573 930 611 977 ut
624 914 668 976 ad
682 911 857 976 arbitrium
870 917 991 1000 Septo-

148 1000 335 1067 videntiam
349 1016 465 1075 tuam,
490 1022 563 1066 cum
580 1020 696 1086 magna
717 1014 773 1062 tua
793 1002 900 1085 gloria
914 1000 991 1068 bel·

147 1088 187 1152 lo
199 1091 338 1156 feliciter
349 1091 496 1156 eonfetto
506 1133 518 1164 ,
542 1087 614 1174 ipso
628 1087 801 1154 Francisco
812 1089 992 1160 Gallorum

145 1178 238 1265 Rege
260 1193 380 1268 capto,
404 1180 479 1247 &in
492 1194 627 1242 tuorum
657 1178 776 1244 dueum
792 1179 991 1263 potestatem

143 1269 302 1342 redacto,
327 1265 447 1333 salutis
472 1267 647 1351 &quietis
670 1265 820 1332 omnium
850 1265 923 1353 spes
949 1288 989 1335 tc

144 1356 237 1423 ratio
259 1355 370 1421 delata
385 1356 513 1433 fuerit;
537 1356 570 1448 ia
586 1374 651 1441 qua
674 1355 901 1422 constituenda
923 1359 988 1423 hoe

141 1444 209 1509 tibi
238 1444 342 1532 magis
360 1445 604 1511 elaborandum
619 1444 687 1518 eil,
711 1465 781 1529 quo
798 1443 873 1510 sunt
895 1445 929 1510 in
957 1462 993 1512 te

143 1533 259 1598 divina
277 1534 440 1600 beneficia·
454 1537 603 1613 majora.
628 1535 715 1599 Nam
728 1553 801 1597 cum
827 1549 883 1598 tua
894 1539 991 1602 Sere·

140 1622 235 1688 nitas
255 1626 394 1688 assecuta
410 1623 510 1686 fuerit
532 1621 728 1692 vittoniam,
751 1621 805 1684 cui
820 1622 958 1688 similem
976 1637 993 1701 ‚¹

141 1731 203 1778 nec
230 1710 334 1796 prisca
352 1731 496 1797 unquam
523 1706 643 1776 fecula
657 1706 813 1775 viderunt
828 1754 842 1789 ,,
864 1730 926 1774 non
951 1711 987 1778 itt

140 1820 185 1865 eo
199 1816 257 1865 tua
275 1800 473 1886 magnitudo
492 1799 605 1887 ampla
625 1798 699 1872 est,
723 1797 814 1882 quod
833 1797 952 1863 viceris
974 1819 989 1879 ς

137 1890 250 1976 potest
272 1891 359 1954 enirn
373 1894 434 1957 hoc
451 1888 533 1976 sepe
556 1889 659 1955 etiam
675 1885 822 1972 indignit
844 1886 993 1954 fortuito-

141 1981 174 2044 ἃ
198 1976 271 2043 casu
286 1977 439 2057 evenire3
464 1976 520 2044 sed
536 1979 570 2045 in
584 1997 624 2044 eo
640 1990 698 2041 tua
709 1975 817 2040 virtus
832 1977 990 2062 praeclara

141 2065 335 2154 &gloriosa
355 2070 467 2134 futura
490 2068 556 2144 est,
580 2067 679 2132 sthae
697 2066 862 2142 vittorit,
885 2066 988 2144 juste,

136 2169 358 2245 temperate,
382 2158 561 2248 prudenter
586 2154 666 2222 usne
693 2154 828 2221 fueris.
867 2156 989 2250 Qen-

137 2266 238 2332 quam
254 2265 314 2312 nos
333 2248 395 2313 hoc
416 2247 522 2332 magis
538 2244 794 2313 exabundantia
817 2248 987 2324 cordin&

142 2337 269 2403 amoris
289 2355 364 2422 erga
380 2350 412 2403 te
426 2337 528 2402 nostri
542 2335 738 2409 scribimus,
762 2353 863 2419 quam
890 2331 990 2420 quod·

140 2425 347 2507 judicemus,
375 2438 409 2491 te
423 2423 614 2504 huiusmodi
637 2424 883 2489 monitionibus
897 2427 989 2491 indi-

141 2539 237 2603 gere,
262 2535 359 2599 quem
378 2512 504 2601 semper
526 2513 682 2577 novimus
704 2524 776 2575 tum
801 2513 877 2575 Deo
892 2514 988 2579 defe.

142 2620 269 2671 tentem
285 2618 413 2667 tantum
431 2645 442 2676 ,
454 2614 616 2686 quantum
631 2600 673 2661 ab
685 2598 819 2684 optimo
831 2599 987 2687 Principe

143 2714 271 2778 aequnm
291 2691 336 2754 est
352 2690 471 2754 deferri
486 2732 497 2762 ‚
523 2702 593 2751 tum
609 2686 641 2751 in
657 2685 861 2772 amplillimie
885 2690 987 2755 donin

143 2805 181 2848 ac
199 2779 362 2846 beneficiis
374 2822 384 2853 ,
398 2799 468 2863 que
487 2775 547 2843 tibi
561 2779 601 2846 ab
615 2774 730 2847 eodem
748 2772 874 2843 tributa
888 2778 964 2845 sunt
973 2821 988 2857 2

142 2870 286 2959 gratiam
314 2867 406 2937 illia
431 2869 589 2955 pietatem
614 2865 739 2956 semper
763 2868 956 2935 referentem
972 2858 990 2936 .’

142 2961 205 3027 Sed
223 2959 271 3022 est
287 2961 384 3036 hujus
403 2958 563 3045 temporie
584 2961 709 3024 occasio
731 2955 918 3037 ejusmodi,
944 2972 985 3025 tte

142 3070 227 3114 nunc
242 3048 385 3113 maxime
398 3071 454 3135 per
470 3062 502 3112 te
518 3047 757 3134 providendum
776 3047 817 3110 srt
831 3090 841 3120 ,
855 3063 894 3113 ut
907 3068 986 3113 om·

143 3158 202 3202 net
217 3136 410 3221 intelligant
425 3182 434 3210 ‚
447 3135 659 3204 vitioriam&
678 3134 872 3201 felicitatem
887 3151 982 3205 tuam

143 3226 298 3289 omnibus
321 3224 420 3291 saluti
441 3229 469 3291 tt
485 3223 664 3289 commodo
675 3226 736 3289 etse
748 3268 759 3299 ‚
785 3244 853 3309 quo
870 3225 984 3291 maxi-

143 3335 196 3378 me
219 3315 318 3376 modo
332 3314 392 3377 illa
410 3313 536 3379 stabilis
556 3316 585 3380 8(
607 3314 763 3378 diuturna
785 3316 894 3380 futura
908 3314 984 3393 elle

143 3402 179 3467 in
208 3419 272 3484 qua
301 3417 408 3465 tamen
432 3402 606 3467 voluntate
626 3423 663 3466 ac
684 3402 922 3468 deliberatione
947 3405 981 3473 δι

144 3509 271 3554 manete
297 3504 353 3562 te,
373 3492 405 3556 St
419 3490 478 3556 ess'e
493 3488 679 3555 mansurum
696 3535 706 3566 ,
731 3503 802 3553 tum
830 3505 885 3553 tua
901 3511 982 3578 pto·

142 3580 184 3642 ba
207 3596 296 3640 mens
317 3578 679 3656 tinnimentum,
705 3595 776 3645 tum
799 3577 898 3642 etiam
915 3579 982 3642 du·

146 3688 198 3734 rer
214 3669 242 3733 St
258 3667 384 3732 raom
397 3665 448 3736 tui
464 3668 523 3734 hae
536 3663 592 3734 fut
606 3667 732 3736 virtute
745 3668 775 3737 St
788 3680 977 3759 temperan-

235 3757 353 3829 stmulo
632 3754 672 3827 G
930 3754 981 3826 fi·
