2542 4350
222 503 377 591 xxxviii
416 501 605 623 J'ucoar
636 504 907 591 Sanotnrr

219 622 469 738 temporibus
507 622 548 706 in
588 609 987 732 Carpentorabienses
1021 617 1060 701 bc

220 769 309 827 rem
341 769 483 828 eorum
522 739 721 855 publicam
763 735 892 819 officia
922 753 1061 820 contu·

223 862 273 946 lit
300 895 311 947 ε
344 862 487 974 quibus
517 863 632 975 plane
662 853 922 962 declaravit,
964 881 1060 938 nun·

224 1008 348 1090 quam
368 1008 495 1065 unum
521 979 711 1089 cuiquam
744 974 940 1059 cariorem
971 970 1058 1056 fuis·

222 1095 261 1183 se
287 1161 302 1207 ‚
333 1127 460 1210 quam
500 1097 571 1211 ipsu
601 1095 723 1181 fuerit
756 1089 938 1179 universa
977 1090 1058 1201 ejus

220 1218 435 1307 Ecclesia.
467 1215 553 1304 Usu
582 1213 783 1327 saepiffime
824 1210 940 1296 venit
969 1272 984 1318 ,
1016 1232 1059 1295 ut

221 1336 280 1423 illi
309 1361 382 1423 aut
412 1332 594 1424 Pontifici
621 1332 844 1443 Maximo,
875 1353 949 1535 ault
967 1331 1060 1416 Gal·

945 1477 1059 1537 orum

220 1649 367 1718 pentorabii
385 1651 474 1706 ldibua
484 1646 619 1705 Februarii
636 1663 721 1713 ¹540·
737 1645 765 1699 iu
779 1663 830 1718 qua
852 1646 936 1700 etiarn
960 1645 1059 1716 gratiae

220 1729 344 1782 Pontifici
356 1731 411 1800 agir
424 1747 472 1800 pro
493 1728 600 1798 repreffa
614 1725 639 1777 ἃ
657 1725 773 1778 coercita
793 1726 947 1789 ludentum
967 1725 1055 1778 avari·

220 1807 260 1860 ria
278 1825 307 1860 ac
320 1809 473 1863 fraudibua.
494 1810 551 1859 Hac
572 1805 604 1858 ‹le
624 1820 653 1855 re
677 1804 820 1872 repetitum
842 1803 937 1872 sapius
960 1805 1060 1856 sermu-

221 1901 282 1936 nem
306 1888 408 1940 uidebit
429 1886 456 1937 in
469 1883 599 1954 aliquibus
620 1881 737 1949 epistolia
757 1881 952 1948 scriptitarunt>
974 1897 1059 1946 ¹53⁹·

220 1964 260 2012 De
272 1966 361 2018 eadem
375 1963 494 2017 oratioue
508 1963 560 2028 ipse
576 1960 676 2010 Banabo
688 1959 800 2011 scribent
813 1976 862 2012 xc.
876 1960 991 2013 calend.
1010 1959 1026 2022 J
1029 1977 1058 2011 u·

219 2037 251 2088 lii
277 2057 363 2103 1531.
375 2041 423 2092 lib.
437 2040 475 2089 11.
488 2039 538 2102 Ep.
549 2054 578 2098 3.
598 2067 622 2102 ,‚
643 2037 730 2090 Credo
743 2047 770 2089 re
787 2036 930 2107 (inquit)
954 2053 1058 2101 memu-

218 2145 242 2181 „
261 2116 300 2167 ria
320 2131 406 2169 tenere
424 2111 596 2165 confestam
616 2131 658 2164 me
677 2115 769 2180 olim,
788 2130 848 2166 cunr
867 2117 961 2167 Roma
973 2114 1056 2167 etiam

217 2224 242 2258 „
261 2195 361 2258 essem,
380 2192 527 2246 orationem
546 2193 686 2259 quamdam
713 2192 741 2243 in
753 2193 880 2255 Judaeoa,
899 2209 981 2262 quan
1006 2209 1056 2260 ego

217 2299 242 2334 ,‚
261 2271 361 2321 causam
384 2272 412 2322 iu
437 2270 501 2321 duan
522 2266 639 2320 uiliores
663 2270 758 2336 partiri
778 2269 942 2322 institueram
956 2292 980 2337 Δς
1011 2272 1054 2324 sed

218 2376 241 2410 „
261 2347 332 2413 prior
351 2348 402 2401 luit
415 2360 475 2415 pata
497 2348 684 2399 tautummodo
705 2346 847 2412 ¹absoluta,
868 2346 993 2401 litamen
1008 2350 1056 2404 ab·

218 2453 241 2488 ‚,
260 2425 361 2475 solvere
370 2427 426 2489 est,
439 2424 506 2493 quud
521 2439 610 2491 parum
621 2423 706 2491 polite
718 2422 814 2475 efficiat
828 2441 905 2477 :eam
918 2442 970 2494 ego
983 2445 1056 2481 nun·

216 2518 335 2569 „quam
358 2504 419 2553 duxi
442 2503 566 2554 edendam
588 2532 600 2567 ‚
628 2519 711 2571 neque
731 2500 833 2552 hercule
855 2519 924 2554 nuuc
950 2505 981 2556 in
1001 2508 1055 2559 alia

216 2608 240 2643 2,
260 2579 314 2630 sum
329 2581 468 2633 voluntate
481 2612 502 2646 „
511 2580 647 2631 ‚Eamdena
659 2578 765 2631 Herculi
775 2582 902 2646 Gonzagae
912 2583 1054 2639 cardinali

219 2657 321 2708 millam
336 2658 428 2722 fuisse,
449 2670 521 2725 patet
533 2675 566 2709 ex
586 2658 647 2708 dara
656 2658 688 2707 ad
699 2674 758 2709 eum
779 2658 894 2724 Epistola
905 2663 934 2712 8.
944 2660 994 2714 lib.
1014 2665 1054 2714 ri.

216 2750 266 2786 vr.
291 2736 402 2788 Calend.
426 2736 549 2788 februar.
577 2751 664 2797 153¹·
692 2751 772 2804 quum
806 2734 832 2784 id
856 2735 884 2787 in
904 2737 995 2791 eadem
1021 2741 1055 2793 acl

216 2813 344 2864 Bemburn
359 2812 473 2881 Epistola
487 2814 512 2862 fe
526 2812 609 2864 fecisse
622 2810 746 2864 testetur.
768 2815 866 2864 Verum
881 2813 910 2864 in
922 2814 1010 2869 literie
1022 2817 1055 2870 ad

211 2892 337 2943 eumdem
352 2890 478 2943 Bembum
491 2890 595 2959 scriptis
614 2906 662 2941 vt.
675 2892 736 2942 ldua
752 2890 822 2942 Maii
848 2908 934 2955 153²·
946 2892 997 2947 lib.
1012 2898 1052 2950 11.

215 2982 258 3033 ep.
273 2984 299 3029 ς.
314 2968 377 3019 ubi:
399 3000 422 3033 „
442 2971 490 3018 Me
515 2985 578 3020 vero
598 2966 740 3039 (iuquit)
759 2969 788 3019 in
807 2969 865 3021 illia
889 2986 949 3023 cuna
974 2974 1052 3026 valrle

211 3072 236 3109 2,
255 3042 393 3096 deretravit
417 3042 506 3104 iudicii
529 3047 568 3098 rui
593 3045 774 3100 testimonium
798 3078 811 3114 ,
831 3047 899 3117 quud
925 3048 993 3100 mibi
1015 3051 1048 3103 de

209 3150 235 3187 „
255 3138 312 3171 mea
324 3121 490 3173 oratiuncula
507 3123 551 3175 das
569 3156 580 3189 ,
600 3124 731 3191 plenum,
751 3136 780 3176 ut
801 3141 850 3193 ego
871 3128 999 3195 perspicio
1022 3126 1049 3181 ἃ

209 3226 234 3263 ‚,
254 3196 352 3248 fidei&
373 3199 494 3266 amoris,
515 3213 570 3253 tum
586 3193 748 3268 vero'gravia
762 3204 810 3254 illa
829 3202 853 3253 ie
872 3205 973 3273 sapient
998 3208 1048 3260 ad·

209 3302 236 3341 2,
255 3275 398 3341 monitio,
417 3274 467 3328 bre.
487 3309 512 3342 „
532 3282 594 3329 Nou
608 3280 673 3330 hanc
693 3282 725 3332 de
737 3297 787 3351 qua
800 3282 933 3351 loquimur
952 3284 979 3335 iu
994 3286 1045 3347 Ju.

211 3354 305 3417 dana,
324 3355 365 3403 sed
380 3355 460 3406 aliam
474 3357 578 3422 prorsus
597 3359 746 3411 orationem
761 3360 910 3426 intelligere
928 3362 1046 3414 arbitra·

211 3443 293 3483 mur.
313 3432 492 3485 Admonuerat
513 3434 584 3485 enim
603 3435 754 3488 Sadoletum
776 3438 907 3502 Renibus,
928 3441 1046 3506 asperius

211 3508 347 3576 aliquanto
363 3526 423 3559 eum
448 3509 580 3564 inuebium
605 3512 633 3563 in
652 3515 789 3581 quemdam
811 3546 823 3580 ,
850 3533 927 3583 quem
948 3532 1046 3571 neuter

212 3586 330 3637 nominat
348 3603 358 3640 r
380 3589 516 3640 Sudoletuu
535 3606 597 3643 vern
620 3604 802 3657 argumentum
827 3594 957 3645 orationis
975 3596 1043 3650 sarie

212 3663 346 3735 explicat,
364 3665 426 3727 dum
444 3666 529 3725 subdit
540 3685 549 3726 r
569 3700 593 3742 2,
612 3670 706 3725 Sordes
715 3686 796 3742 porro
809 3667 959 3726 &amentia
967 3700 982 3736 ‚
994 3675 1043 3726 vel

959 3778 984 3819 au
1005 3750 1050 3827 st:
