2542 4350
366 466 591 538 EPISTOLAE
616 470 900 538 PONTIFICIAE·
1015 496 1054 555 es

221 559 470 632 desrderamus,
493 559 684 624 &nummis
707 561 923 644 &aequitatis
950 558 1061 650 respe.
1102 630 1106 636 ,

223 653 334 728 nm&
353 649 476 714 dicium
496 649 578 715 Ven.
590 650 736 713 Fratrem
745 649 903 716 Nostrum
917 653 948 713 S·
959 654 1002 717 R·
1013 655 1058 719 Ε.

219 738 428 804 Cardinalem
458 736 665 821 quotidianis
692 738 806 802 dehac
822 759 856 803 re
880 740 1060 825 precibus,

218 831 412 914 flagitamus
432 867 441 889 .
465 829 549 892 Cum
578 825 682 911 igitur
709 825 874 913 speremus
897 872 908 904 ,
932 829 1059 916 Regem

216 915 324 1003 ipsum
338 922 404 995 jam
422 919 463 978 ad
489 912 545 979 sua
556 913 719 1001 Hispaniae
744 934 839 1001 regna
853 921 1059 1001 pervenisse,

217 1021 277 1074 aut
305 1005 374 1070 cito
389 1003 449 1072 effe
477 1019 735 1088 perventurum,
757 1004 972 1070 fraternitati
990 1051 1002 1082 ,
1025 1012 1058 1077 ἃ

215 1093 401 1159 Deuotioni
428 1093 539 1156 vestrae
558 1093 776 1167 mandamus,
800 1108 838 1156 ut
851 1092 932 1158 hanc
961 1116 1059 1174 reme

217 1185 248 1248 dr
272 1180 400 1246 causam
423 1181 549 1268 prefati
567 1180 779 1255 cardinalis,
805 1181 838 1245 in
859 1186 966 1265 qua&
988 1187 1055 1247 hn-

217 1289 277 1334 nor
290 1273 387 1348 hujus
403 1267 515 1333 saneta
531 1267 625 1334 Sedis
643 1270 809 1345 consistit,
831 1270 865 1335 in
880 1290 989 1337 curam
1004 1276 1056 1346 ,ἅ

216 1359 426 1446 diligentiam
443 1357 580 1422 vestram
596 1353 809 1445 suscipientes
821 1403 833 1434 ,
844 1364 943 1425 ambo
959 1403 970 1434 ,
994 1361 1051 1426 vel

215 1448 301 1513 alter
323 1449 465 1515 vestrum
489 1489 501 1520 ,
524 1445 635 1511 nostro
657 1446 788 1513 nornine
819 1451 906 1535 apud
929 1452 1056 1533 Regem

213 1536 366 1614 instetis,
391 1552 429 1601 nt
455 1553 553 1620 quam
574 1534 720 1621 primunt
744 1538 805 1600 hac
819 1559 852 1602 re
867 1535 1057 1601 deliberan-

213 1627 280 1699 da,
304 1630 333 1694 er
352 1647 424 1691 cum
436 1620 560 1703 justitia
574 1643 610 1687 ac
623 1623 798 1708 prudentia
813 1621 912 1687 solita
937 1624 1054 1686 termi-

214 1715 348 1785 nanda,
373 1733 457 1786 nos,
484 1710 580 1794 seque
597 1711 736 1775 liberare
758 1714 856 1788 hujus
879 1709 984 1772 debiti
997 1726 1054 1774 at·

212 1823 278 1886 que
302 1802 399 1868 officii
425 1798 573 1862 molestia
587 1840 598 1871 ,
621 1812 722 1882 atque
742 1819 840 1862 onere
867 1797 978 1873 velit3
1002 1800 1053 1862 fa·

215 1894 328 1956 ituros
344 1889 430 1956 ineo
456 1907 526 1952 rem
545 1884 602 1951 sua
615 1887 677 1949 fide
702 1888 733 1952 dr
747 1886 871 1950 virtute
898 1886 1028 1970 dignam
1039 1927 1053 1961 ,

213 1977 372 2063 nobisque
393 1988 595 2065 pergratam.
621 1974 659 2038 In
676 1994 744 2058 quo
761 1994 821 2038 vos
836 1974 1052 2048 admonebit,

212 2071 243 2135 dr
260 2067 395 2133 instruet
423 2065 564 2128 disemus
581 2061 670 2126 filius
695 2060 831 2127 Gabriel
853 2061 894 2126 de
922 2059 1051 2128 Threso

214 2154 310 2221 miles
325 2150 655 2237 Hierosolymitanus
679 2149 813 2215 familie
833 2151 948 2214 nostra
959 2171 971 2229 ς
996 2147 1052 2215 cui

213 2244 377 2311 auxilium
404 2287 416 2318 ,
439 2245 469 2309 St
494 2260 617 2326 opem,
644 2260 743 2324 quam
772 2239 959 2325 poteritis,
982 2239 1052 2305 im·

212 2334 386 2423 pendetis.
410 2335 538 2398 Datum
552 2328 694 2397 Viterbii
714 2348 811 2411 ¹5¹7·

212 2539 299 2634 bvi.
347 2541 498 2605 AEcrmo
523 2536 713 2600 Merrnso
738 2533 985 2601 erumnam.

289 2695 329 2758 Is
344 2687 501 2775 Hispania
515 2686 602 2749 Sedit
621 2682 806 2765 Apostolicae
823 2686 972 2769 Legata·

306 2866 405 2942 Hesie
417 2863 503 2928 Pili.
528 2856 709 2925 Scribimus
722 2858 763 2921 ad
777 2853 991 2922 chariffimum
1016 2851 1052 2919 in

317 2952 447 3023 Christo
460 2948 566 3018 filium
580 2947 725 3012 nostrum
740 2944 897 3012 Carnium
910 2987 921 3018 ,
933 2939 1054 3028 Hispa-

212 3048 343 3115 uiarum
358 3088 369 3119 ‚
390 3035 606 3122 &utriusque
623 3033 742 3098 Siciliae
758 3036 880 3120 Regem
894 3029 1054 3098 Catholi-

210 3158 286 3203 cum
311 3133 443 3199 litterae
463 3130 496 3195 in
517 3130 662 3191 favorem
678 3122 791 3187 dilecti
814 3120 875 3186 iiiii
898 3119 996 3188 Marii
1011 3119 1054 3184 de

213 3222 392 3291 Ursinis&
419 3221 555 3285 fratrum
581 3257 590 3286 ‚
616 3212 778 3279 heredum
804 3255 815 3286 ,
840 3228 877 3272 ac
905 3209 1053 3273 filiorum

212 3315 380 3396 quondam
404 3309 485 3383 Julii
511 3306 552 3368 de
577 3302 730 3375 Ursrnis,
754 3295 1054 3366 Domiceliorum

213 3404 464 3474 Romanorum,
488 3415 550 3483 pro
568 3411 682 3456 eorum
702 3388 832 3467 justitiae
858 3386 1054 3450 executione

215 3486 538 3557 commendatitiae,
572 3498 710 3564 quarum
739 3472 926 3558 exemplum
954 3517 965 3549 ,
990 3489 1054 3535 ture

215 3578 305 3646 Circ.
320 3571 532 3666 presentibus
545 3567 715 3632 mittimus
730 3557 958 3628 introclusum.
968 3563 1056 3625 Cum

218 3681 336 3738 autem
347 3663 402 3731 nir
416 3679 538 3749 magne
552 3655 620 3747 spei
633 3651 897 3722 adolescentibus
915 3643 1054 3735 ,nobis-

991 3753 1056 3822 qrre
