2542 4350
300 472 466 579 *oium
496 475 831 561 Frtouaurum
881 465 981 567 cxix

134 585 353 710 prasertim
385 592 660 683 Sacerdotibus
689 592 765 680 esse
795 591 978 706 debeat,

132 711 342 824 aquibus
379 713 543 800 vivendi
589 714 778 830 exempla
827 715 979 832 potiffi·

134 860 253 921 mum
292 854 526 950 petuntur,
556 839 597 923 8<
639 864 811 950 quorum
842 837 981 923 imita·

136 953 198 1039 tio
227 976 299 1039 aut
332 955 509 1043 infundit
549 956 651 1043 vitia
693 956 733 1040 in
772 959 983 1072 populos,
1095 1047 1098 1055 ff

136 1096 210 1161 aut
248 1074 428 1161 extrahit
466 1077 535 1163 illa
575 1077 627 1162 ab
666 1074 811 1162 eisdem
852 1099 980 1189 atque

138 1215 286 1311 purgat
327 1223 340 1307 3
380 1195 491 1308 quod
540 1222 639 1313 opus
685 1194 895 1283 inscribere
934 1192 987 1283 de

139 1314 362 1430 Republica
388 1317 658 1405 Ecclefiastica
695 1315 983 1404 decrevimus:

139 1462 337 1549 magnum
369 1439 576 1552 negotium
597 1442 637 1525 8<
669 1437 897 1552 perdifficile
914 1461 985 1550 ag·

142 1555 288 1671 grelli,
319 1554 385 1639 ted
428 1558 576 1669 inquo
615 1557 872 1674 perpoliendo
902 1581 990 1641 out·

143 1676 260 1761 nium
290 1672 448 1758 dierum
477 1703 588 1762 curas
629 1682 669 1763 &
701 1674 883 1761 neutum
915 1700 987 1789 po·

142 1817 240 1879 nere
267 1793 480 1878 conveniat
507 1853 517 1878 .
549 1792 674 1913 Quod
701 1795 729 1877 s1
757 1794 901 1901 mihi,
930 1792 989 1878 di·

141 1912 240 1999 vina
273 1910 510 2027 suffragante
550 1942 668 2030 ope,
701 1939 753 1997 ex
790 1911 988 1999 sententia

140 2029 399 2149 processerit,
426 2033 503 2118 erit
526 2060 578 2119 ex
605 2034 675 2120 illo
691 2030 825 2145 aliqua
847 2029 986 2119 fortas·

139 2152 178 2239 se
205 2155 246 2239 8<
278 2180 326 2239 ea
359 2181 438 2239 non
474 2152 715 2271 aspernanda
751 2149 984 2239 hominibus

140 2272 326 2387 utilitas3
362 2300 479 2359 ame
505 2274 668 2389 quidem
697 2295 807 2363 certe
836 2300 984 2388 magna

140 2396 181 2480 8<
207 2396 337 2479 multa
362 2400 452 2483 Deo
487 2395 700 2482 habebitur
726 2397 883 2508 gratia.
912 2393 984 2482 Sin

138 2534 278 2599 autem
309 2513 485 2598 nostrum
517 2515 683 2602 interim
714 2516 890 2599 laborem
921 2533 984 2596 at·

140 2660 220 2746 que
245 2655 435 2718 conatum
466 2655 537 2718 aut
579 2662 688 2718 mors
722 2630 986 2747 praeciderit,

142 2774 215 2840 aut
246 2752 454 2866 occupatio
472 2753 702 2840 valetudine
719 2750 950 2866 oppresserit
969 2775 985 2860 3

144 2871 407 2959 nihilominus
449 2898 587 2959 tamen
627 2878 667 2961 8<
707 2872 857 2988 gratias
896 2876 989 2956 Deo

146 3019 347 3107 agemus,
380 2996 418 3078 &
444 2992 605 3110 posteris
638 2993 827 3080 testatum
853 2990 901 3077 de
921 3018 991 3078 no·

147 3110 224 3198 stra
244 3112 453 3199 voluntate
473 3116 774 3227 relinquemus,
793 3140 880 3223 quae
898 3117 1003 3227 pro·'

150 3226 260 3319 sebio
289 3232 483 3344 ejusmodi
514 3233 554 3318 in
586 3237 698 3322 nobis
729 3235 866 3320 innata
903 3230 994 3342 est,

149 3375 199 3439 ut
240 3353 431 3466 quicquid
463 3382 638 3465 unquam
673 3384 792 3471 ope,
833 3348 992 3461 studio,

155 3466 429 3584 auctoritate,
457 3476 664 3589 gratiaque
684 3473 915 3575 valuimus,
935 3492 995 3555 to·

150 3597 245 3706 tum
275 3587 358 3709 id,
392 3589 582 3710 neglebiis
615 3594 741 3684 etiam
771 3595 811 3680 δι
837 3589 994 3792 Ροίέξιᾳ·

923 3730 990 3792 rus
