2542 4350
310 499 354 558 9²
395 528 399 537 .
468 472 661 547 Jnconl
693 465 997 537 SADOLETI·

313 577 383 625 tam
398 603 409 636 ,
432 560 455 623 n
469 581 551 647 opus
567 562 606 621 stt
623 560 783 625 melius&
800 558 926 625 beatius
946 570 1109 638 ponamus
1124 566 1139 628 ,¹

313 655 410 725 nujus
422 650 516 712 nobis
529 647 604 713 vitae
627 647 778 710 mortalis
797 642 945 711 conditio
963 642 1147 723 quicquam

314 736 420 824 potest
442 736 574 797 afferre.
598 736 709 817 Quare
735 735 823 816 quod
846 730 941 814 supra
960 726 1063 791 etiam
1084 726 1143 788 di.

315 826 401 886 etum
426 822 470 887 est
481 864 490 894 ,
515 822 610 899 hujus
627 821 720 905 impii
737 820 837 883 hostis
849 834 938 880 arma
958 834 1025 877 non·
1037 816 1145 877 modo

316 929 381 973 non
397 909 551 972 timemus
568 952 578 981 ,
603 903 706 971 sedeo
721 906 795 970 loco
807 925 857 969 res
872 906 931 967 lita
948 900 992 966 est
1002 944 1014 974 ,
1038 914 1076 963 ut
1089 902 1151 964 de·

314 997 450 1061 fiderare
480 993 581 1057 etiam
606 999 635 1061 a
659 1008 772 1078 optare
797 994 972 1055 debeamus
1001 1028 1011 1048 .
1035 989 1146 1070 Quod

316 1103 394 1147 vero
424 1081 565 1162 petimus
589 1100 607 1142 a
625 1080 808 1145 Nobilitate
821 1092 878 1142 tua
891 1121 903 1151 ‚
927 1077 961 1138 id
983 1071 1150 1151 eiusmodi

319 1170 388 1234 est.
413 1169 557 1231 Primum
573 1178 610 1229 'ur
626 1183 661 1228 tu
675 1187 803 1250 quoque
820 1167 965 1229 intentus
980 1161 1013 1222 in
1031 1163 1150 1226 harum

321 1275 427 1319 rerum
454 1258 650 1317 occasionem
678 1258 742 1330 srs3
767 1253 883 1317 deinde
905 1267 942 1316 ut
967 1249 1095 1331 clallem
1118 1252 1152 1318 Sa

322 1338 510 1407 triremium
540 1340 669 1424 copiam
694 1341 726 1405 iu
751 1338 916 1426 procinitu
942 1338 1086 1410 habeas,
1110 1348 1151 1399 ut

320 1425 439 1492 nostrie
458 1427 647 1499 militibus,
672 1429 735 1492 srve
753 1423 984 1492 transeundum
996 1424 1096 1487 fuerit
1111 1422 1146 1486 in

320 1512 479 1579 Gratiam
503 1555 514 1586 ‚
537 1515 600 1578 five
629 1513 800 1578 navalibus
829 1511 951 1598 preliis
975 1511 1150 1575 decertan-

321 1599 423 1671 dum,
451 1598 589 1666 facultas
610 1599 650 1661 lit
669 1599 800 1665 navium
813 1643 824 1674 ,
838 1597 1013 1684 praesertim
1028 1596 1071 1660 iin
1085 1595 1145 1680 qui

323 1689 365 1751 ab
378 1685 507 1751 nac'ora
519 1687 623 1750 nostra
637 1728 647 1758 ,
663 1689 692 1753 δι
707 1686 810 1750 ltalia
831 1685 928 1750 litore
946 1681 1152 1748 transmitte.

323 1796 360 1844 re
384 1770 575 1837 volueriut.
601 1772 774 1838 Cernimus
800 1771 887 1836 enim
901 1815 912 1846 ,
936 1770 972 1834 id
998 1771 1088 1852 quod
1111 1784 1150 1834 tu

324 1879 457 1944 quoque
484 1860 593 1925 videre
615 1873 733 1944 poten,
756 1860 926 1947 postquam
950 1854 1073 1922 bellum
1100 1854 1154 1921 se·

249 1992 252 1997 -
325 1944 392 2009 mel
408 1947 596 2011 inchoatum
613 1947 735 2021 fuerit,
760 1947 937 2012 maximam
953 1944 1050 2009 multi
1056 1943 1150 2007 todi.

326 2052 402 2097 nem
424 2032 570 2097 militum
585 2034 686 2097 etiam
700 2032 762 2098 line
778 2031 939 2120 stipendio
959 2030 1000 2094 ad
1024 2030 1149 2095 bellum

326 2134 572 2204 properaturarn
592 2133 777 2188 contentam
789 2120 924 2189 bononis
940 2118 1100 2208 stipendio
1116 2121 1147 2185 dt

326 2206 371 2270 iis
388 2208 557 2290 praemiis,
581 2227 652 2290 qua
676 2206 786 2273 sunta
812 2210 887 2273 Deo
912 2207 1151 2295 omnipotente

291 2351 293 2356 ,
327 2311 389 2376 pro
405 2296 472 2367 ejus
500 2294 561 2357 fide
576 2293 800 2361 laborantibus
824 2296 856 2359 in
871 2295 949 2360 celo
961 2296 1147 2382 proposita.

329 2376 393 2443 Sed
405 2381 471 2440 hnc
486 2393 521 2443 tn
536 2401 597 2465 pro
619 2398 674 2446 tua
693 2382 865 2466 prudentia
881 2382 1008 2467 optime
1022 2380 1150 2468 prospi.

326 2484 398 2530 rere
415 2479 532 2552 potes.
555 2469 626 2533 Noa
654 2473 711 2535 etsi
737 2491 801 2536 non
828 2469 1018 2537 dubitamus
1043 2484 1152 2534 tecum

328 2553 392 2616 illo
408 2567 467 2619 tuo
478 2555 632 2640 prudenti
649 2559 782 2644 &gravi
799 2553 910 2624 senatu
922 2556 1032 2622 omnia
1048 2558 1149 2621 fanu·

238 2662 240 2668 ·
326 2659 387 2703 roo
400 2683 411 2715 ,
434 2662 505 2727 que
530 2641 650 2710 virtuti
665 2646 774 2711 vestra
798 2662 937 2731 congrua
961 2659 1080 2720 ernntr
1105 2658 1153 2707 ta·

326 2745 401 2791 men
426 2731 596 2795 hortamur
615 2734 650 2797 in
679 2733 854 2807 Domino,
876 2736 906 2802 ἃ
932 2751 994 2798 voe
1018 2745 1151 2819 paterne

327 2813 571 2890 admonemus,
593 2835 632 2885 ut
659 2817 768 2882 laudis
785 2823 815 2884 sc
842 2818 1017 2906 dignitatis
1042 2818 1151 2886 vestra

330 2920 492 2966 memores
505 2915 618 2969 contra
632 2924 836 2971 communem
849 2908 971 2972 hostem
983 2910 1013 2973 di
1024 2905 1152 2968 animoa

327 3002 476 3060 armare,
498 2989 528 3052 St
549 2990 636 3054 vires
661 2991 790 3066 ,vestrae
805 2993 989 3055 maritimas
1012 2990 1151 3077 preser-

326 3070 389 3132 tim
414 3089 524 3152 parare
549 3094 614 3138 non
632 3073 858 3163 postponatis,
881 3079 956 3139 Deo
980 3078 1011 3139 n
1034 3077 1151 3139 sanna

328 3156 396 3220 Dei
410 3157 483 3225 fidei
496 3161 681 3244 preclaram
696 3202 707 3235 ,
730 3176 768 3225 ut
786 3159 878 3226 soliti
893 3161 993 3235 estis,
1016 3179 1148 3247 operam

327 3244 478 3310 nataturi
493 3287 503 3312 .
516 3244 777 3321 PrimaJauuarii
793 3268 887 3333 1520.

714 3426 853 3499 lacobus
867 3423 1062 3494 Sadoletut.

914 3648 1153 3760 rxrxuuoa'
