2542 4350
306 437 375 506 rm
424 479 431 485 ν
469 433 673 512 incon}
703 433 996 504 sanoLETt

307 535 374 610 jam
391 551 447 616 per
468 544 533 594 tres
548 545 651 591 annos
676 526 813 599 studio,
836 528 959 609 quibus
981 544 1042 590 nos
1055 525 1150 592 curie

304 622 337 686 ἃ
352 619 561 690 actionibus,
587 618 720 682 anostri
745 615 906 682 videlicet
928 614 1149 698 Pontificatu's

308 705 435 790 initio,
462 724 532 771 tum
550 724 663 791 pacem
687 707 899 771 communem
925 706 1033 770 totius
1047 707 1150 773 Chri·

306 794 403 860 stiani
427 795 603 866 nominiS,
627 811 700 858 tum
730 795 891 881 privatim
912 811 1006 860 tuam
1029 796 1152 859 amici·

308 881 391 948 riam
417 889 446 952 Sc
469 884 731 962 coniunctionem
759 882 929 950 nobiscum
950 905 1150 970 procurave-

306 971 411 1038 rimue
430 990 530 1058 atque
546 973 785 1059 appetierimus
804 995 819 1051 ς
840 973 916 1039 sunt
930 975 1020 1041 enim
1034 974 1149 1038 omnia

287 1089 289 1093 ¹
305 1065 375 1127 tnta
397 1065 608 1150 cogitatuque
621 1063 685 1126 tibi
697 1063 940 1148 propemodum>
952 1084 1042 1146 arque
1065 1077 1148 1127 nota

305 1165 344 1214 ac
360 1154 481 1217 nobis:
507 1150 621 1216 sumus
643 1171 707 1214 noe
727 1152 862 1234 quidem
890 1151 1040 1226 conscii,
1063 1149 1168 1216 nihii·

195 1273 199 1277 -
303 1239 563 1327 pretermisrss'e,
589 1239 680 1322 quod
695 1242 747 1303 vel
763 1240 805 1304 ad
818 1241 895 1304 boui
910 1242 1055 1306 Pastoris
1075 1239 1148 1304 offi-

307 1326 398 1395 cium
418 1349 494 1415 erga
521 1323 857 1413 universumgregem
870 1328 881 1403 ζ
905 1329 958 1392 vel
984 1330 1027 1393 ad
1040 1327 1151 1392 fidelia

301 1416 402 1482 amici
421 1419 569 1496 animum
588 1416 622 1480 in
633 1429 729 1481 tuam
743 1416 960 1483 serenitatem
974 1416 1149 1504 speciatim

303 1507 521 1594 pertineret.
556 1506 715 1598 Quorum
742 1519 854 1571 tamen
877 1508 1039 1575 bonorum
1068 1527 1151 1592 ope-

301 1617 378 1662 rum
393 1639 404 1670 ‚
427 1614 528 1682 atque
543 1595 670 1659 amorio
684 1605 809 1680 erga'te
824 1592 923 1657 nostri
940 1615 1015 1658 eum
1032 1591 1150 1675 sumne

303 1687 433 1754 exitum
449 1683 639 1757 consecuti,
665 1697 702 1747 ut
715 1682 833 1767 repom
849 1686 915 1760 jam
929 1685 1065 1749 totiena
1092 1684 1150 1748 be-

302 1773 497 1840 nevolentia
516 1778 547 1841 br
560 1772 789 1856 conjunctione
809 1783 890 1845 tua,
915 1792 990 1836 cum
1014 1769 1146 1837 nullam

303 1861 500 1949 aequitatem
521 1861 790 1934 conditionum,
823 1859 954 1924 nullum
977 1860 1146 1925 indicium

302 1951 374 2016 veri
392 1952 519 2018 amoris
531 1952 623 2036 apud
636 1964 671 2015 te
684 1948 909 2014 invenerimus
924 1969 940 2026 3!
950 1949 1016 2013 five
1029 1970 1147 2018 eorum

300 2040 434 2104 artibua
454 2044 485 2108 St
503 2039 619 2116 dolie,
644 2037 864 2124 quinoecum
881 2037 1062 2105 serenitate
1084 2053 1147 2105 tua

302 2147 473 2212 nunquam
488 2130 682 2205 conrunnos
697 2125 759 2189 effe
782 2125 960 2195 voluerunt
972 2146 990 2205 ς·
1009 2129 1073 2194 srve
1086 2143 1148 2196 tua

301 2231 413 2283 mente
426 2262 437 2292 ,
448 2219 682 2303 oppressionem
697 2212 804 2278 Italiae
825 2220 856 2283 8t
871 2215 1146 2286 imminutionem

300 2305 419 2371 nostrae
444 2302 628 2389 dignitatis
651 2301 859 2379 meditante,
879 2308 926 2369 ad
947 2306 1146 2374 ea'consrlia

301 2392 461 2477 aquibus
484 2396 514 2461 u
542 2394 713 2458 natura&
735 2388 911 2460 voluntate
931 2388 1058 2480 semper
1084 2399 1147 2464 ab.

303 2478 497 2550 horruimus
519 2477 1016 2571 neeeffariosnmnecompulst,
1030 2480 1143 2555 serius

300 2571 439 2657 quidem
458 2570 686 2659 multoquam
707 2583 766 2636 aut
786 2568 1004 2658 plurimarum
1031 2593 1144 2644 rerum

299 2662 484 2749 indignitas
494 2707 504 2739 ,
516 2677 577 2728 aut
588 2659 728 2729 honoria.
745 2661 868 2735 nostri,
880 2664 914 2729 br
929 2657 1056 2746 publici
1068 2664 1145 2731 Ita-

301 2750 356 2816 lie
372 2753 449 2818 boni
463 2751 556 2819 ratio
573 2750 762 2840 postulabat
776 2791 790 2812 ι
810 2751 876 2815 Sed
886 2772 960 2816 cum
975 2752 1018 2814 ad
1029 2768 1144 2823 extre.

301 2860 395 2907 mum
408 2843 546 2909 ventum
557 2843 637 2908 effet
651 2885 666 2917 ‚
686 2858 827 2923 cumque
838 2839 1007 2927 patientia
1024 2846 1141 2912 nostre

300 2930 470 2995 diuturna
492 2945 596 3013 atque.
619 2932 996 3015 magnrejamnomen&
1021 2933 1142 3018 opinio

299 3020 343 3083 ad
356 3010 595 3105 negiigentiam
611 3039 723 3083 rerum
745 3016 975 3104 publicarum,
999 3040 1141 3089 conver·

298 3104 456 3186 teretur3
480 3105 586 3172 coacti
611 3103 727 3172 sumus
752 3106 884 3170 tandem
899 3126 935 3173 ea
950 3126 1064 3194 capere
1086 3131 1141 3175 ar·

296 3214 378 3272 ma,
400 3216 471 3281 qua
493 3199 524 3263 St
538 3193 694 3272 justitie,
709 3192 857 3261 &Italia
871 3194 1020 3264 libertati
1033 3201 1063 3265 Sc
1075 3221 1140 3266 no·
1187 3196 1190 3204 ’

298 3282 352 3347 bie
377 3285 456 3371 ipsis
475 3283 677 3369 possent'effe
690 3281 863 3371 presidio,
887 3305 953 3350 non
966 3286 1139 3356 offendere.

296 3371 334 3435 di
351 3372 545 3456 cujusquam
561 3368 677 3446 cause,
700 3370 757 3439 sed
771 3373 929 3444 tuendi&
943 3373 1141 3447 conservan-

296 3459 332 3524 di
356 3462 496 3531 honoria
518 3475 620 3545 atque
643 3460 743 3529 officii
766 3463 866 3529 nostri
892 3508 903 3530 .
938 3464 1074 3531 Etenim
1098 3467 1141 3533 ut

297 3570 596 3617 commemoremus
609 3551 750 3618 breviter
767 3550 879 3618 causas
892 3599 902 3630 ,
914 3555 1036 3638 quibus
1054 3554 1140 3620 ada·

295 3638 340 3709 ni
366 3639 479 3710 sumna
504 3641 552 3728 ita
567 3640 671 3710 faeere
682 3661 696 3722 ς
720 3644 898 3715 meminiffe
911 3645 1027 3735 potuit
1042 3649 1139 3711 Sere·

1045 3734 1139 3804 nicae
