2542 4350
527 479 569 562 V
600 500 616 558 1
650 502 680 558 τ
710 503 770 559 Α.
960 480 1073 568 txvii

211 590 390 678 hominis
421 589 573 679 honore
606 597 647 679 8<
688 590 904 678 commodo
939 626 950 680 ε
983 622 1070 686 crat

214 736 356 798 autem
408 710 615 800 Sadoletus
661 742 741 799 non
793 716 943 830 collega
984 716 1068 830 ejus

216 859 353 917 recens
385 830 545 944 solum,
578 830 643 918 sed
677 857 793 919 vetus
813 836 938 922 etiam
966 838 1068 924 anri·

213 981 313 1037 cus.
345 958 496 1064 Itaque
525 982 608 1039 non
641 976 803 1067 poterat
847 983 927 1040 non
960 954 1070 1043 invi·

213 1093 279 1155 tus
312 1071 469 1158 homini
497 1135 511 1181 ,
543 1100 668 1186 quem
689 1071 830 1158 multis
859 1071 909 1158 de
939 1077 1062 1161 caufiS

214 1191 380 1307 plurimi
411 1192 622 1302 faciebat,
655 1190 887 1304 refragari:
918 1217 1059 1280 tamen

214 1338 309 1394 cum
341 1311 452 1398 causa
483 1313 577 1398 esset
608 1309 836 1423 ejusmodi,
868 1334 914 1396 ut
941 1313 1058 1401 illum

214 1428 376 1516 honeste
403 1494 418 1544 ,
448 1431 562 1519 salvis
592 1429 842 1518 sandiiffimio
862 1431 1054 1546 legibus,

976 1550 1059 1636 sen·

215 1719 272 1759 tam
296 1707 397 1774 quidem
416 1706 434 1771 (
452 1708 566 1778 inquit)
586 1708 639 1762 tibi
659 1725 755 1764 nouam
776 1719 922 1778 comparare
938 1708 1054 1776 gloriata

213 1787 330 1852 preclari
343 1788 388 1851 soi
409 1788 439 1837 ἐπ
458 1785 601 1838 inminibus
613 1787 755 1854 deligendis
770 1784 887 1848 iudicii,
908 1802 984 1852 quam
1002 1800 1052 1836 vc·

212 1874 291 1914 terem
310 1862 341 1914 (t
361 1861 417 1924 iam
433 1875 539 1934 partam
556 1862 729 1929 confirmare,
749 1880 840 1915 eorum
858 1864 980 1914 omnium
1005 1859 1049 1921 iu·

214 1939 286 1990 dicio
300 1938 429 1993 sinaitae
446 1943 490 1993 sua
510 1943 683 2006 censeretur,
703 1942 790 2010 quiin
805 1954 866 1994 toto
888 1941 950 1992 orbe
965 1953 1050 1991 terrc-

212 2032 273 2068 runt
292 2014 423 2079 conjectos
444 2019 471 2071 in
493 2021 558 2072 hanc
577 2021 661 2088 ipsam
677 2021 769 2070 oculos
790 2018 914 2070 haberent
938 2052 948 2069 .
971 2016 1051 2069 Dedit

209 2092 258 2149 hta
280 2096 555 2152 literaesnnotzrus
576 2098 664 2150 Nonio
687 2097 804 2158 Jtnuarii
827 2113 912 2158 1539·
932 2096 1050 2159 binisque

210 2173 351 2229 dumtaxat
374 2179 499 2230 mensibus
518 2196 576 2232 cum
595 2177 708 2228 dimidio
726 2175 815 2243 elapsis
837 2207 847 2239 ,
869 2165 1051 2224 humanissime

210 2254 310 2305 Paulus
329 2258 383 2307 111.
402 2257 454 2310 suit
467 2257 521 2308 illic
534 2256 652 2326 precibus
669 2254 784 2306 tonuit.
804 2252 904 2304 Tertiis
919 2249 999 2309 ίὸῑῑῑῑῐ
1013 2244 1049 2295 ῙῙ·

211 2331 279 2373 ant·
305 2333 389 2371 etur.
409 2335 526 2371 nuno.
543 2334 663 2374 ..ιιιιιιιε
686 2337 766 2388 atque
786 2323 953 2371 ornamentis
972 2321 1048 2370 sosii·

211 2397 303 2462 citus,
323 2398 444 2448 eumdem
464 2398 619 2450 pontificem
642 2398 750 2464 paribus
782 2398 856 2448 voris
881 2397 978 2464 precari
1001 2396 1049 2448 fibi

212 2477 253 2527 sco
276 2475 470 2543 essentiavit,
489 2476 552 2526 dum
567 2475 667 2526 scilicet
688 2476 761 2525 sarna
777 2474 914 2526 nunciaret
935 2505 947 2538 ‚
967 2491 1048 2543 quom

212 2554 328 2622 primunr
347 2554 494 2621 suppletum
515 2553 549 2603 iri
566 2552 708 2618 ordinem,
729 2551 758 2601 in
778 2568 855 2618 quem
874 2552 991 2618 adlegere
1007 2553 1052 2602 so-

215 2632 282 2684 icrct
305 2630 435 2684 Seniiitar
453 2631 498 2682 sua
523 2630 643 2700 optimos
663 2646 692 2680 ae
710 2625 869 2680 doctissimo·
891 2631 969 2680 vitoe
988 2659 999 2693 ‚
1019 2630 1052 2681 de

213 2710 310 2782 quibus
327 2712 365 2763 ite
384 2709 524 2780 loquitur:
544 2740 567 2776 „
588 2712 675 2779 Atque
688 2707 717 2759 hi
730 2706 778 2757 soli
792 2706 903 2757 omnino
919 2708 979 2759 sunt
989 2705 1053 2777 ,qui

212 2820 237 2857 „
257 2787 333 2841 fidem
348 2789 466 2857 prestant
479 2789 549 2842 suam
568 2786 679 2840 honorio
698 2785 736 2838 sui
755 2784 931 2851 authoribus,
951 2787 1050 2854 quique

212 2898 238 2934 2,
257 2882 304 2922 eoa
320 2866 343 2918 ἃ
358 2870 386 2920 in
408 2868 467 2938 ipsit
485 2866 508 2918 ἃ
523 2869 550 2919 in
564 2866 717 2935 posteritate
729 2879 819 2915 eorum
833 2864 932 2931 semper
945 2865 1053 2929 salvos,

213 2977 238 3013 2,
257 2947 377 3000 honestos
389 2980 400 3013 ‚
421 2946 590 3015 florentesque
600 2945 647 2997 essa
657 2944 787 3012 cupiunt:
808 2941 928 3006 ceteris(
942 2954 971 2993 ut
982 2943 1050 2992 San·

213 3056 238 3092 „
257 3024 334 3079 nna·
361 3038 406 3079 tuo
425 3026 632 3078 animadvertere
654 3024 717 3090 saepe
745 3020 860 3091 potuit)
874 3019 918 3090 qui
941 3035 994 3069 non
1015 3031 1050 3069 e:

212 3106 358 3171 „virtute
385 3105 457 3171 ,sed
482 3121 515 3156 ex
544 3102 692 3155 ambitione
725 3095 785 3151 leiti
812 3099 871 3150 sunt
891 3130 903 3165 ‚
923 3096 1005 3148 studit
1026 3091 1053 3144 dt

212 3211 237 3250 2,
256 3180 370 3235 titiones
391 3185 474 3250 suat,
493 3198 546 3235 non
564 3178 654 3234 officio
663 3190 708 3231 aut
720 3176 863 3230 honestatis
880 3177 972 3227 decore
987 3172 1052 3237 ,sed

211 3291 236 3327 2,
257 3262 430 3314 emolumenti
449 3260 605 3329 compendio
628 3260 684 3310 sere
703 3256 880 3324 dirigentibus
890 3285 913 3320 ‚,
935 3286 944 3303 .
965 3255 1053 3317 Quem

213 3352 302 3392 autem
316 3340 350 3391 iia
363 3339 450 3393 {iterio
467 3336 591 3392 Pontifici
614 3336 789 3400 nominavit,
810 3335 832 3384 io
850 3328 1054 3397 suithegoriua

213 3418 344 3474 Coctefiuc
365 3417 452 3470 Abba·
473 3413 655 3469 Benediiiinuo
675 3446 686 3479 ,
705 3430 782 3484 quem
802 3412 829 3463 in
853 3409 923 3461 hunc
945 3408 1054 3459 modum

214 3495 402 3548 commendat:
422 3527 446 3562 „
468 3499 557 3547 Nemo
579 3492 613 3543 esi
632 3491 750 3560 profesto
767 3489 813 3560 qui
834 3487 931 3540 nesciat
951 3517 962 3551 ,
981 3500 1053 3553 qun·

213 3603 238 3640 „
258 3590 356 3643 cunque
380 3575 408 3626 ia
432 3589 527 3640 magno
539 3569 563 3620 n
577 3570 648 3622 bono
659 3569 794 3621 Sacerdote
807 3564 955 3634 postulanda
975 3564 1057 3623 suot,

215 3681 240 3720 ῃ
258 3650 351 3706 omnic
368 3651 397 3706 iu
408 3666 440 3705 eo
450 3650 619 3716 excellenter,
633 3646 723 3716 incise,
735 3645 871 3715 ingenium
880 3639 1059 3767 ‚consuimlnoj
1110 3676 1114 3683 .

998 3730 1012 3765 e
