2542 4350
290 477 357 563 15³0
437 477 974 552 taconnsnnoannt

289 570 375 637 riam
399 570 545 655 prolatio
566 573 596 639 Sc
620 571 677 658 ipli
704 569 780 636 Deo
804 577 832 640 a
853 569 973 637 honori
994 569 1141 655 nolito}

287 678 396 744 neque
419 671 495 724 tunc
511 678 622 747 pacem
651 660 815 736 voluisse,
838 659 895 726 sed
914 660 1007 726 aliud
1030 663 1141 747 quid·

291 748 370 812 dam
395 742 546 832 spetialie
569 750 755 815 videremur
778 751 874 815 .·Sed
901 753 924 817 fi
951 752 1135 838 quippiam

290 837 453 904 habemur
468 838 520 904 vel
536 838 713 926 habuimus¹
727 857 870 925 unquam
886 839 1058 908 desideriis
1075 860 1137 905 no·

271 925 366 990 ··llrie
383 925 487 1011 magis
503 932 708 1015 propositum
719 973 732 1005 ,
755 949 856 1014 quam
868 951 982 1018 pacem
999 973 1013 1006 ,
1037 927 1136 1015 digni

288 1012 405 1080 sumus
422 1035 507 1098 quos
523 1037 588 1083 non
599 1020 759 1087 exaudiat
773 1021 896 1088 Deus.
920 1018 954 1082 Si
970 1038 1050 1084 vero
1064 1037 1135 1082 no·

276 1103 352 1167 ura
367 1102 499 1168 consilia
515 1106 616 1192 ipfiue
630 1110 696 1177 Dei
713 1110 899 1182 honorem,
921 1125 1136 1173 communem

288 1189 556 1259 Christianitatis
570 1195 710 1264 salutem
725 1241 736 1272 ‚
750 1201 781 1263 u
794 1199 917 1263 bonum
934 1208 1059 1282 optate
1070 1213 1137 1282 pa·

228 1332 231 1336 a
287 1279 339 1345 cie
355 1277 602 1365 spectaverunt,
626 1289 780 1352 eumdem
794 1287 905 1353 Deum
923 1301 1077 1360 oramus,
1091 1296 1135 1349 ut

284 1369 506 1435 &unitatem
522 1386 637 1450 tuam,
661 1377 804 1454 inanius
821 1394 918 1440 manu
933 1394 1047 1462 pacem
1070 1373 1143 1446 elie,

282 1455 401 1528 voluit
414 1502 424 1533 ,
439 1460 534 1547 pacis¹
545 1463 660 1538 iubeat
672 1465 735 1530 else
747 1463 943 1533 effectricem
956 1483 971 1543 3
985 1463 1050 1529 hoc
1062 1461 1139 1538 eli,

235 1583 255 1595 f
286 1563 329 1616 ut
342 1551 433 1633 quod
449 1548 671 1615 sanuiffimam
692 1565 838 1617 mentem
857 1568 951 1616 tuam
967 1550 1136 1616 defidera.

286 1659 324 1704 ae
338 1637 501 1703 cernimus
512 1646 530 1730 (
543 1635 627 1704 nihil
641 1639 730 1706 enim
745 1639 869 1706 clarino
886 1639 957 1715 est,
980 1659 1080 1725 quam
1099 1653 1136 1706 te

282 1726 376 1797 velle
397 1747 510 1813 pacem
530 1729 762 1813 &appetere)
785 1731 859 1805 eine
885 1726 1085 1795 conficiendi
1103 1731 1136 1797 dt

285 1813 488 1902 tranfigendi
499 1857 511 1888 ‚
523 1817 666 1881 remotis
686 1815 941 1900 impedimentis
953 1816 1134 1893 omnibus,

285 1905 353 1971 tibi
366 1909 384 1968 a'
400 1904 529 1972 summo
539 1907 616 1973 Deo
628 1904 798 1972 tribuatur
811 1901 959 1971 facilitas
971 1949 982 1970 .
995 1906 1058 1969 sed
1072 1926 1135 1969 cur

283 2014 354 2083 pax
374 1994 519 2060 maxime
547 1994 721 2058 necessaria
749 1995 826 2066 stt,
858 1990 972 2078 aliqua
995 1992 1134 2058 dicenda

286 2082 377 2156 sunt,
388 2102 452 2146 non
466 2095 535 2147 tam
552 2079 610 2144 illa
627 2083 762 2168 quidem
783 2101 869 2145 nova
883 2103 997 2165 genere
1009 2125 1020 2156 ,
1032 2101 1135 2170 quam

285 2170 400 2263 gravia
422 2169 644 2236 diuturnitate
666 2214 678 2236 .
702 2169 835 2262 Qibue
859 2171 919 2236 nist
948 2171 1053 2238 citum
1080 2194 1143 2276 τε·ί

219 2332 220 2335 ,
269 2260 438 2329 *medium
465 2256 662 2324 adhibeatur
685 2285 697 2333 ,-
735 2273 772 2322 ut
797 2257 830 2322 in
855 2260 975 2324 effoeto
997 2260 1137 2326 mortale

284 2368 450 2436 corpore,
473 2344 607 2429 longior
625 2348 765 2411 morbus
779 2345 923 2413 exitium
941 2352 1135 2415 &mortem

157 2519 158 2524 ἵ
272 2440 409 2513 ἐίΐειῑ,
431 2439 473 2504 stc
487 2435 520 2502 in
535 2436 789 2503 Christianitate
804 2440 870 2514 jam
894 2436 1077 2521 defatigata
1102 2440 1137 2508 ει
1165 2477 1168 2481 ›

204 2597 209 2609 ‚
280 2529 406 2594 attrita
426 2525 603 2617 proximus
627 2525 671 2587 est
694 2525 850 2593 interitus
871 2526 1096 2612 expectandus
1119 2567 1132 2590 .

283 2620 413 2708 Urgent
425 2619 510 2685 enim
525 2620 558 2687 Sc
581 2615 776 2704 opprimunt
793 2615 860 2678 duo
872 2614 1048 2701 grauissima
1063 2634 1139 2679 ma·

286 2710 320 2775 la
350 2724 456 2793 atque
478 2705 691 2775 incommoda
717 2704 1023 2778 christianitatem,
1046 2723 1140 2790 quo·

200 2836 201 2840 =
286 2810 362 2864 tum
387 2799 529 2866 alterum
543 2795 589 2861 est
602 2815 620 2859 a
634 2796 755 2863 Turris
769 2838 784 2870 ‚
803 2792 860 2881 qui
876 2792 1044 2861 continuit
1058 2793 1137 2861 luc-

287 2890 423 2955 cesfibue
447 2886 551 2959 elati,
574 2884 730 2952 &nostra
744 2884 878 2969 ignavia
898 2902 939 2947 ac
961 2883 1147 2969 negligen-¹

293 2978 343 3041 tia
355 2978 395 3042 in
409 2974 497 3064 spem
513 2973 695 3041 maximam
710 2975 806 3038 eradii
816 3018 826 3048 ‚
837 2972 1024 3037 Christianae
1037 2972 1138 3057 Reip.

287 3063 424 3151 penitus
442 3059 665 3149 opprimenda
679 3061 792 3125 ineunt
815 3060 1003 3128 rationem.
1028 3063 1080 3124 An
1095 3074 1133 3124 tu

286 3164 512 3219 trecentarum
530 3146 663 3213 navium
686 3165 836 3233 paratam
862 3149 928 3226 jam
952 3146 1081 3210 classem
1103 3151 1135 3217 n

287 3242 468 3309 'terrestres
494 3234 661 3304 exercitus
684 3238 848 3302 inarmis
868 3234 973 3299 adelle
996 3234 1100 3315 jull'os
1122 3280 1138 3314 ,

287 3325 528 3398 alioconfilio,
551 3322 684 3409 aliaque
704 3339 812 3390 mente
836 3324 1041 3390 coadtoeelse
1068 3346 1138 3411 pu.

286 3427 380 3491 tar,
413 3415 471 3482 nist
498 3428 534 3478 ut
559 3412 842 3501 Septentrionalec
869 3410 1132 3480 Christianorum

285 3504 466 3594 provinciae
497 3502 636 3589 abipso
661 3501 776 3569 littore
801 3502 933 3589 lllyrici
961 3499 1136 3585 usquead

289 3594 465 3668 Poloniam
481 3592 597 3680 impiis
613 3592 686 3659 illis
707 3593 809 3661 armis
830 3596 860 3662 dr
876 3590 1132 3679 lignieobruan.

277 3683 377 3779 'luti
401 3687 453 3757 An
474 3700 535 3751 noa
550 3685 616 3754 hac
642 3682 707 3755 loli
734 3681 984 3777 intelligimua,
1007 3694 1133 3839 tusapue

727 3792 731 3798 '
1079 3787 1135 3837 tt·
1159 3784 1161 3787 ’
