2542 4350
267 512 274 520 .
356 424 587 498 EPISTOLAE
618 423 909 502 Pammenes
1007 444 1051 519 67

212 517 306 593 trram
318 517 489 587 hortamur
501 518 715 598 iuDominu,
737 527 768 591 δι
781 537 815 588 te
829 522 926 589 enixe
936 528 1054 608 requi·

191 610 345 684 '‘rimur,
371 626 408 674 ur
423 608 533 673 nostra
555 606 652 674 eausa
669 611 805 678 liberare
832 609 927 677 illius
953 615 1052 678 fidem

211 695 298 761 velit
311 739 324 770 ,
335 718 403 783 quo
415 698 444 760 ir
457 696 499 758 ad
514 697 648 780 negotia
664 701 773 764 nostra
787 699 938 767 accedere
951 719 1052 786 quam

211 783 359 870 primum
380 787 498 872 poffirr
521 783 637 867 inquo
652 788 751 853 farier
774 783 871 851 uobir
891 810 958 856 rem
973 807 1053 877 gra·

209 870 388 939 tiffimam.
412 875 541 938 Datum
554 875 668 940 Roma
690 896 788 960 15¹⁷·

300 961 368 1027 Leo
379 964 422 1027 Χ.
764 962 964 1032 Sadoietur·

212 1164 288 1231 Lll.
376 1167 568 1234 vrcrurm
591 1169 889 1238 Nurrourrruro.

306 1310 404 1379 Heme
424 1314 497 1382 fiii.
529 1316 729 1385 Remisrmur
757 1319 916 1385 dileaum
947 1314 1055 1384 filium

316 1401 493 1474 Nicolaum
508 1407 774 1484 caurorineum,
800 1421 839 1473 ut
860 1405 927 1474 sese
952 1427 993 1494 ap
1018 1426 1056 1471 a·
1083 1401 1087 1407 ’
1169 1447 1172 1453 ·

210 1504 285 1568 ηις
309 1491 368 1575 qui
387 1492 766 1581 riberuexpeditm'ad
788 1495 898 1562 nostra
913 1491 1055 1561 maxumi

213 1581 374 1645 momenti
398 1583 531 1669 negotia
553 1586 750 1651 revertitur.
774 1585 954 1649 Hortamur
980 1585 1057 1648 No-

213 1665 382 1734 bilitatrm
395 1682 487 1735 tuam
502 1670 535 1734 iu
547 1672 699 1737 Domino
710 1716 723 1747 ,
747 1685 785 1737 ut
796 1671 916 1755 quibus
942 1669 975 1732 iu
1003 1689 1057 1733 re·

212 1755 274 1818 bur
299 1755 437 1832 favore,
456 1762 487 1826 Sa
506 1756 692 1844 patrocinio
718 1757 843 1846 eguerit
855 1755 1058 1826 Nobilitatia

215 1856 304 1919 tua,
328 1844 358 1909 ei
381 1845 485 1912 adeffe
511 1846 619 1910 nostra
644 1847 745 1913 etiam
771 1843 866 1913 causa
895 1843 979 1909 velia
992 1885 1003 1916 ,
1026 1845 1058 1909 δι

214 1931 292 1995 dare
304 1950 460 2018 operam,
483 1947 522 1997 ur
535 1933 563 1997 ir
578 1933 621 1996 ad
634 1953 696 2001 nor
706 1936 954 2022 quamprimum
975 1926 1057 1996 liei·
1085 1992 1087 1997 .

214 2035 288 2084 tum
314 2019 438 2096 fuerit,
463 2023 595 2089 redeat.
620 2023 698 2089 Erit
713 2026 776 2091 hoc
796 2021 894 2089 uobis
922 2016 1063 2108 gratini-5

215 2127 328 2179 mum.
351 2112 482 2180 Datum
499 2111 675 2204 utsupra.

638 2302 641 2307 ι
770 2201 967 2272 Sadoletur.

219 2403 310 2472 LIII.
387 2408 621 2501 ‘Carnutum
647 2410 868 2476 cauracro.

310 2548 408 2616 neue
428 2548 520 2613 Fili.
543 2549 615 2613 Nor
642 2546 875 2631 deputavimus
900 2541 1058 2611 dilectum

324 2636 430 2700 filium
444 2635 591 2697 Marcum
618 2634 861 2698 Garracciolum
887 2632 985 2709 hujus
1001 2638 1060 2696 Se·

225 2720 280 2779 dis
297 2722 476 2790 Notarium
491 2719 657 2787 Nuntium
669 2722 814 2785 nostrum
826 2720 868 2783 ad
878 2716 1060 2784 Caesaream

224 2804 433 2890 Maiestatem
449 2853 460 2883 ‚
474 2811 582 2874 nostra
593 2808 681 2896 apud
697 2831 771 2875 eum
784 2807 917 2893 negotia
936 2810 1058 2870 tratia-

221 2907 358 2976 turum,
382 2920 479 2984 quem
499 2900 599 2964 dante
620 2900 771 2963 Domino
788 2896 985 2979 confidimus
1005 2917 1059 2961 ce.

221 2979 336 3055 latitet
354 2992 441 3077 apud
456 2987 564 3075 ipsum
581 2984 738 3056 Caesarem
752 2988 842 3052 fore.
866 2986 968 3075 Qud
981 3004 1059 3051 cum

223 3069 272 3136 ira
291 3081 354 3158 fir,
377 3081 481 3144 donee
493 3079 612 3143 idonea
627 3077 669 3139 ad
682 3075 747 3140 iter
767 3073 952 3139 faciendum
971 3088 1060 3137 tem·

224 3167 408 3247 pestarest‚
431 3187 492 3233 nor
509 3166 703 3235 Girc.tuam
721 3177 814 3251 grato
838 3165 936 3228 vultu
960 3177 1060 3246 atque

225 3256 338 3319 animo
355 3256 558 3342 inspecturi,
584 3263 616 3319 te
641 3257 813 3319 hortamur
834 3254 866 3320 in
884 3251 1059 3323 Domino,

226 3356 265 3403 ut
281 3347 525 3435 quamprimum
549 3364 623 3412 eum
638 3346 722 3409 boua
741 3340 886 3410 Cesarea
906 3340 1062 3417 Majesta·

227 3428 274 3494 tir
298 3434 413 3506 venia,
436 3433 523 3498 viam
551 3432 758 3517 ingrediens,
783 3429 825 3492 ad
841 3452 927 3503 nor,
950 3433 980 3495 ἃ
1002 3425 1058 3489 al·

230 3535 316 3580 mam
344 3520 463 3585 Urbem
478 3522 621 3596 nostram
638 3535 671 3584 te
696 3519 865 3593 conferat,
888 3515 1060 3583 subiturus

228 3604 398 3674 uobiscum
411 3627 481 3676 eam
496 3604 733 3679 sollicitudiuir
745 3619 984 3695 partem,quam
1003 3602 1066 3755 isti}

925 3712 1002 3777 amp
1018 3710 1029 3752 r
1045 3720 1064 3742 ·
