2542 4350
267 450 494 528 Erlsl'om
516 450 813 527 tomitem:
923 468 968 548 bg

131 545 339 638 §obuiosque
365 546 446 613 iilos
457 591 468 622 ‚
490 548 550 633 qui
563 590 574 622 ,
586 564 619 612 te
635 550 824 635 prandente
841 545 874 614 iu
888 549 969 618 rire

132 636 305 706 Catholica
331 638 426 703 illiue
449 636 576 701 nonrini
599 637 971 714 deserviunt‚voluerit

130 747 217 879 aa
243 725 750 882 ‘ellrlsrllrrul'
768 727 971 882 limile

131 836 251 970 aorgrgrg
270 839 457 990 rieiigronis
472 945 483 976 ‚
508 907 536 972 u
552 841 753 991 amorege'rgai
767 905 969 968 Frateruita·

128 1006 200 1057 tem
219 1005 338 1072 tuam3
360 990 537 1077 omnesque
560 989 641 1056 ilion
656 991 838 1058 Maronitas
861 1006 973 1082 'popu-

130 1081 187 1146 ioc
212 1080 325 1147 fideica
339 1096 439 1167 atque
461 1079 655 1147 Catholicoa
679 1082 712 1146 in
724 1082 884 1169 gremium
908 1104 973 1148 no·

130 1170 204 1233 iirc
230 1186 370 1255 paterno
382 1169 575 1246 charitatia,
601 1187 639 1234 ut
658 1170 799 1238 dilector
812 1170 900 1236 filios
914 1190 973 1237 ac·

133 1257 322 1344 optento,
346 1259 508 1326 vellemus
525 1279 561 1324 ac
577 1281 770 1347 cuperemus
783 1282 847 1327 non
861 1259 972 1326 solum

132 1366 197 1421 ca,
221 1368 292 1431 quae
313 1347 401 1415 idern
417 1350 625 1415 Guardianuu
643 1348 702 1417 suo
722 1340 854 1416 nomini
878 1368 973 1414 ano·

133 1436 187 1501 bia
201 1436 346 1523 postulat
359 1481 370 1512 ‚
383 1440 509 1505 tradere
523 1485 534 1516 ,
548 1441 575 1504 dr
590 1442 787 1516 concedere,
801 1435 855 1503 sed
868 1437 973 1502 etiam

135 1542 254 1611 augere
274 1526 510 1602 autoritatem,
533 1527 775 1613 &dignitatem
795 1540 912 1600 tuam,
937 1545 974 1591 re

136 1610 170 1676 in
184 1615 338 1679 Concilio
349 1619 432 1681 Ven.
449 1617 585 1683 nostror.
598 1621 630 1682 S.
644 1621 684 1684 R.
695 1621 734 1682 E.
744 1613 975 1684 cardinalium

138 1700 284 1766 multum
311 1705 435 1789 agitata
448 1724 461 1782 3
484 1705 640 1791 quoniam
663 1709 758 1783 hujus
783 1701 975 1768 saniliilimo

139 1789 233 1854 Sedit
258 1794 458 1874 gravitaret
474 1791 738 1870 morcMaJorum
763 1795 792 1857 de
811 1789 975 1853 institutis

139 1875 367 1954 solemnibus,
391 1878 475 1943 nihil
488 1880 546 1946 nisr
565 1883 731 1947 mature&
753 1875 977 1942 summocon-

139 1966 217 2030 srlio
237 1988 331 2054 agere
344 1967 451 2044 solet,
473 1973 503 2035 dr
518 1989 701 2052 nequoque
720 1983 843 2032 temere
866 1965 979 2052 prola·

140 2056 266 2132 batur,
290 2058 406 2123 multis
427 2056 460 2120 in
479 2056 583 2121 tantia
597 2058 693 2124 rebar
711 2054 922 2120 decernendis
944 2056 977 2123 dt

142 2145 305 2220 testibus,
330 2147 492 2221 derebus,
516 2149 545 2212 dr
562 2143 765 2232 argumentis
786 2143 850 2208 niti
861 2163 874 2222 ς
899 2159 977 2208 tuat

140 2248 252 2299 autem
267 2236 397 2300 litteras
408 2234 516 2299 nullan
530 2234 752 2299 habebamur:
776 2235 807 2299 de
819 2233 848 2297 ic
859 2236 977 2307 homo,

140 2344 239 2407 quem
261 2322 303 2386 ad
317 2343 376 2387 non
390 2323 524 2395 misisti,
548 2321 627 2387 licet
643 2325 815 2394 debonat,
838 2322 890 2386 uti
904 2318 981 2408 pos·

146 2410 257 2478 samus
280 2412 447 2490 judicare,
470 2403 679 2496 bertrudem,
702 2427 813 2473 tamen
836 2410 979 2484 unicus,

146 2500 275 2588 plenam
291 2499 386 2564 nobit
402 2501 497 2563 fidem
523 2518 563 2561 err
579 2496 767 2560 inviolabili
790 2495 978 2560 cerimonia

145 2587 240 2654 §edin
254 2585 454 2674 Apostolicae
467 2602 531 2648 nou
546 2582 686 2648 faciebat
699 2607 711 2663 ς
735 2580 840 2645 visum
861 2584 906 2646 est
917 2603 981 2647 uo.

147 2679 235 2752 bic,
268 2680 298 2742 dc
326 2671 448 2739 eisdem
480 2670 648 2734 Fratribus
670 2668 787 2735 nolitia
811 2673 982 2736 remittere

150 2787 225 2831 eurn
248 2761 402 2828 nuncium
418 2762 458 2824 ad
470 2757 722 2826 fraternitatem
737 2767 854 2832 ruam,
877 2764 905 2826 ἃ
923 2760 983 2822 hat

149 2852 281 2919 litterae
300 2850 424 2915 nostras
438 2846 658 2922 conscribere,
681 2846 803 2930 quibua
823 2847 886 2912 tibi
907 2845 987 2933 piu·

151 2944 268 3006 rimam
293 2937 458 3014 salutem,
480 2940 509 3003 dr
533 2932 756 3021 Apostolicam
777 2933 985 3000 benedidlio·

150 3050 225 3096 nenr
250 3031 389 3095 nostram
414 3023 667 3116 impartiamur.
690 3024 822 3090 Deinde
844 3038 875 3087 te
893 3026 984 3088 Frat.

153 3118 235 3183 uolt.
251 3116 431 3185 >charisime
445 3117 568 3179 de·hac
592 3127 702 3181 mente
722 3116 751 3179 dr
775 3111 901 3201 optima
918 3111 986 3179 ine

154 3207 264 3272 Deum
277 3207 450 3272 uoluntate
467 3200 673 3288 summopere
689 3201 959 3267 commendamur
976 3238 986 3263 .

155 3294 325 3372 Postremo
339 3310 373 3360 te
389 3291 422 3358 in
435 3290 585 3357 Domino
599 3290 833 3366 adhortamur,
855 3302 894 3356 ut
917 3306 989 3356 rem

156 3383 279 3467 Spiritu
296 3384 411 3450 santio
425 3394 619 3466 cooperante
634 3379 713 3442 bene
728 3401 783 3465 per
798 3392 831 3445 te
842 3391 988 3465 coeptam

156 3470 248 3534 omui
275 3469 384 3533 studio
433 3468 558 3532 erfician
580 3508 591 3540 ,
615 3482 714 3549 teque
736 3480 775 3530 ut
805 3471 992 3530 membrum

158 3557 226 3623 Dei
238 3556 385 3622 Ecclesroe
399 3490 511 3621 gnum
525 3599 536 3629 ,
560 3558 589 3621 de
603 3554 766 3637 integrum
785 3596 797 3627 ,
820 3554 921 3638 capiti
934 3596 943 3626 ‚
959 3554 990 3615 da

160 3644 279 3722 nobit,
299 3648 332 3715 da
347 3641 459 3713 ranae
482 3644 636 3711 Romana
652 3640 801 3709 Eccleliar
815 3636 992 3790 unirarsali

875 3746 892 3790 a
917 3746 993 3804 run.
