2542 4350
346 456 571 526 BPiSTOLAE
605 457 885 530 Pourmcln.
980 480 1041 548 rap

215 545 312 613 laude
325 548 532 630 exequanrini
545 568 559 624 ς
572 562 640 613 ‘vos
655 550 902 614 eommiffarim
913 548 1041 614 unstrot

215 648 328 701 tenore
344 633 549 722 presentium
564 635 702 700 facimus
719 679 731 710 ‚
754 636 995 713 constituimus,
1009 641 1041 707 n

215 722 436 809 deputamus,
458 726 487 790 St
510 723 542 788 in
564 723 767 810 provinciam
790 724 930 788 nostram
947 726 1038 790 Mar-

215 813 321 874 chiam
337 811 378 872 ad
395 810 504 873 dicius
527 811 693 875 tumuitus
709 810 870 876 sedandos
883 810 1044 900 proficisci

216 901 435 978 mand-amus,
460 900 573 963 dantes
590 899 685 962 uobis
703 901 817 962 harum
846 915 956 966 tenore
968 919 1041 962 anr-

212 984 302 1070 plam
317 991 346 1051 u
359 985 584 1050 omnimodam
604 984 808 1059 facultatem,
819 986 957 1053 sturni&
977 1008 1042 1073 po·

217 1074 390 1145 testatem,
414 1074 566 1136 omnibns
584 1084 652 1137 tam
670 1070 876 1139 officialibus
902 1076 1043 1147 nostris,

214 1181 424 1244 quocumque
445 1159 496 1222 ilii
515 1164 686 1227 munere&
709 1160 813 1224 titulo
832 1162 1041 1235 censeantur,

215 1266 313 1332 quam
330 1250 430 1313 etiarn
447 1247 711 1312 'communitatis
731 1246 953 1322 nonnulis,
977 1252 1044 1315 Ba·

213 1337 349 1400 tonibus
371 1382 384 1413 ‚
408 1333 539 1418 singulis
571 1336 711 1420 denique
737 1335 924 1400 homiuibus
948 1336 1041 1398 dicta

214 1423 388 1508 provinciae
403 1421 576 1498 Marchis,
599 1443 722 1489 necnon
737 1424 883 1512 gentiunt
899 1422 1043 1508 armige-

214 1529 322 1575 ratum
343 1510 502 1575 nostris&
517 1514 547 1573 S·
561 1513 603 1577 R.
615 1512 655 1575 E.
671 1512 870 1595 capitaneis,
894 1510 1043 1576 ductori-

212 1599 274 1662 bus
299 1642 310 1672 ‚
334 1599 499 1663 militibus
521 1610 588 1661 tam
619 1598 759 1680 equestri
780 1618 878 1680 qnam
903 1597 1045 1683 pedestri

212 1686 356 1759 militia,
370 1682 529 1772 stipendia
554 1685 681 1749 anobis
696 1684 929 1769 accipientibus
951 1702 1045 1746 man.

212 1773 333 1850 dandi,
359 1770 561 1858 imperandi,
585 1771 687 1839 &snb
709 1773 818 1859 poenis
841 1787 909 1836 tam
927 1768 1040 1856 prisa-
1110 1810 1112 1815 -

213 1861 318 1926 tionis
342 1864 372 1929 n
400 1860 492 1926 exilii
519 1902 531 1934 ,
565 1879 665 1943 quam
692 1860 792 1924 etiam
824 1857 1048 1945 pecuniariis,

211 1963 312 2034 prout
330 1948 426 2012 vobis
444 1945 641 2025 videbitur,
667 1944 901 2033 precipiendi,
924 1961 963 2010 ut
978 1966 1040 2009 ro-

211 2037 262 2101 bis
278 2038 311 2101 in
328 2036 561 2117 omnibusque
578 2034 724 2100 facienda
742 2034 909 2100 duxeritis
926 2033 1044 2120 ptaesto

212 2124 276 2187 tint
294 2124 384 2188 omni
412 2121 577 2196 subsrdio‚
601 2124 738 2195 favore,
762 2140 858 2208 opera
884 2145 896 2200 ;
919 2117 1045 2204 vosque

210 2232 269 2276 eos
285 2231 486 2285 convocare,
511 2230 649 2296 cogere,
674 2227 821 2286 armare,
837 2229 1045 2296 quocumque

210 2300 306 2364 vobis
322 2297 428 2365 visum
445 2299 543 2365 fucrit
558 2298 730 2366 vobiscum
742 2298 879 2373 ducere,
905 2312 963 2365 aut
976 2316 1046 2381 quo

210 2387 310 2451 fuerit
329 2387 547 2477 opportunius
563 2387 696 2454 mittere
717 2404 754 2449 ac
768 2386 929 2453 destinare
948 2430 959 2461 ,
977 2405 1048 2470 qun

211 2495 267 2563 per
287 2475 365 2539 ilios
381 2476 499 2560 exequi
514 2474 690 2538 volueritis
705 2473 752 2535 eit
765 2474 929 2559 injungere
943 2518 954 2549 ,
968 2494 1046 2538 nec·

209 2583 274 2629 non
299 2564 474 2629 neceffitate
485 2562 680 2643 ingruente,
702 2578 761 2643 pro
776 2580 853 2644 pace
866 2561 1041 2645 provinciae

210 2656 241 2716 a
257 2654 370 2712 Status
387 2647 601 2712 Ecclesrastiti
611 2687 621 2717 ,
647 2648 667 2707 fr
687 2646 914 2728 improborum
935 2662 1042 2711 teme·

211 2740 345 2801 ritatem
365 2734 505 2814 retundi·
513 2732 721 2820 oportuerit,
735 2732 776 2794 ab
792 2732 868 2818 ipsrs
881 2735 1042 2798 Commu.

213 2822 373 2888 nitatibus
399 2823 523 2888 auxilia
543 2841 708 2887 armorum
740 2833 839 2902 atque
867 2822 1040 2887 hominum
1133 2863 1141 2877 .

211 2925 344 3000 petere,
369 2929 451 2993 quos
480 2908 601 2975 alicubi
628 2906 789 2994 fuspciios
815 2907 979 2975 duxeritis
1003 2908 1038 2973 in

209 2999 294 3063 alias
322 3014 430 3088 partes
449 2997 603 3070 mittere,
627 2995 770 3082 relegare
791 3015 803 3073 ς
828 3017 914 3081 quos
938 2996 1037 3061 robis

210 3092 241 3155 δι
262 3086 337 3153 huic
350 3086 462 3155 sancia
477 3086 553 3152 sedi
574 3083 686 3147 fideles
709 3083 956 3169 cognoveritis,
979 3104 1039 3147 eos

214 3173 337 3240 debitis
360 3176 538 3239 honoribus
554 3173 750 3245 honestare,
774 3170 822 3234 eis
846 3173 903 3256 qui
925 3191 1040 3259 pecca·

213 3262 321 3329 verint
343 3307 354 3338 ,
377 3278 536 3346 quatenus
559 3260 691 3346 publico
712 3259 799 3321 bono
823 3263 890 3325 fieri
912 3262 1005 3347 poffit
1027 3301 1042 3334 ,

214 3350 343 3415 veniam
361 3350 599 3434 promittere,ii
615 3349 657 3411 ad
674 3344 844 3495 sanitatsem
857 3348 1013 3450 redierint
1030 3390 1043 3420 ,

213 3454 315 3585 {22:¹5
332 3435 467 3608 iiii:
491 3437 1044 3608 iiiiii}'‘iiiiiniqiiuii'ii

214 3607 263 3675 eis
279 3628 341 3688 uos
361 3606 507 3677 absentes
524 3608 678 3758 certiore?
694 3606 820 3684 facere,
844 3623 880 3674 ut
893 3629 952 3674 uos
968 3625 1044 3757 epm

701 3715 717 3757 s
1009 3714 1045 3758 e·
