2542 4350
382 488 542 575 Onunts
574 491 911 580 ancmnn‘rum.
948 496 1059 586 cxvii

209 603 488 720 progrediendi
528 635 664 723 erepta
707 613 818 699 nobis
853 615 1057 728 facultas,

212 729 253 810 8<
286 726 485 812 necessitas
517 731 826 849 retrogradiendi
853 735 930 818 fnit
961 738 1056 820 alla·

213 867 288 929 ta.
319 844 394 934 Sed
446 869 615 962 tamen,
657 882 750 939 cum
793 852 869 938 viri
898 882 977 938 non
1007 834 1061 938 lit⁰

212 960 413 1050 debilitari
443 967 614 1081 animo,
648 971 833 1082 quamvis
875 970 1061 1058 difficilli-

212 1086 289 1169 mis
321 1087 361 1169 in
403 1087 556 1194 rebus,
598 1118 726 1202 neque
768 1119 861 1175 cum
893 1091 1057 1177 fortuna

213 1201 550 1291 collndlantem
540 1233 579 1289 m
625 1233 771 1295 terram
815 1209 853 1293 le
885 1209 1056 1294 abiicere

212 1349 336 1435 atque
377 1327 656 1442 prosternere,
689 1329 752 1415 led
795 1352 934 1415 contra
978 1328 1056 1414 niti

214 1444 373 1530 fortiter
411 1472 533 1559 atque
578 1448 800 1535 conllanter
826 1449 907 1558 ,‘s1
954 1447 1057 1532 nihil

215 1565 356 1675 aliud,
388 1563 525 1651 saltem
558 1594 715 1656 utnon
754 1568 949 1653 instrenue
987 1593 1059 1650 ne·

215 1711 296 1794 que
326 1684 507 1770 indecore
537 1687 731 1796 cadatur,
762 1685 947 1770 constitui
976 1682 1062 1768 aui·

219 1831 288 1887 mo
307 1827 591 1916 ,anteaquam
611 1834 655 1890 ea
675 1869 688 1915 ,
706 1832 793 1916 qua
812 1804 879 1886 diu
897 1807 936 1888 8<
960 1801 1060 1888 mul·
1070 1816 1077 1829 '

219 1946 265 2005 to
295 1951 387 2007 cum
420 1924 553 2010 labore
574 1926 841 2041 collegeram,
874 1944 1061 2007 veterum

219 2039 437 2129 lellionum
465 2073 679 2158 rerumque
697 2042 1060 2160 pulcherrimarum
1162 2113 1182 2121 -

220 2187 485 2251 monumenta
519 2198 568 2253 ex
602 2188 739 2253 mente
778 2192 869 2250 mea
903 2160 1058 2281 prorsus

222 2313 269 2367 e
279 2309 429 2369 nerent
462 2288 644 2403 ,ipsum
688 2284 783 2372 illud
822 2314 967 2401 opus,
1006 2281 1058 2369 ad

222 2402 329 2515 quod
361 2407 609 2493 efficiendum
629 2408 761 2522 prirno
789 2349 967 2489 accerfiti
983 2404 1060 2488 sui·

222 2552 343 2634 mua,
374 2522 660 2612 correllionem
681 2524 867 2609 videlicet
900 2548 1062 2607 morum

222 2668 346 2753 atque
377 2646 732 2751 emendationem,
764 2671 851 2753 quae
889 2640 930 2725 in
968 2667 1064 2725 cun·

224 2761 290 2847 uo
321 2762 484 2899 quidem
525 2766 671 2880 populo
701 2762 958 2870 Christiano,
999 2756 1065 2845 led

226 2885 404 2969 maxime
446 2886 486 2970 in
527 2884 800 2973 Sacerdotibus
841 2883 921 2968 Dei
955 2879 1064 2966 vide·

227 3028 295 3088 tur
337 3004 585 3114 necessaria,
618 3006 724 3091 libris
766 3003 1066 3090 &litterarum

227 3122 399 3209 custodia
438 3124 820 3240 comprehendere,
863 3122 1063 3235 quando,

227 3272 279 3330 ue
311 3272 400 3328 earn
435 3273 476 3328 re
509 3249 547 3333 8<
580 3274 698 3360 opere
733 3244 880 3354 exequi
906 3270 1067 3357 perage·

225 3391 350 3474 reque
382 3365 607 3479 pulsemur,
648 3390 880 3479 tempotum
920 3361 1065 3473 iniqui·

229 3508 289 3568 tas
320 3484 398 3567 fuit
430 3485 541 3570 nobis
560 3486 881 3601 impedimento.
913 3488 1071 3595 Quam·

225 3607 352 3719 quam
383 3628 521 3693 autem
555 3610 595 3691 8<
635 3600 880 3693 lenedlute
866 3630 950 3714 ram
980 3629 1068 3714 gra·

931 3747 1074 3836 ves;
