2542 4350
284 469 381 558 cxvi
457 472 965 588 Jnconr--Snuorsrr

285 590 419 700 quillae
453 590 545 674 vitae
572 588 889 701 repugnantius.
922 588 1131 696 Itaque&

287 708 517 823 fugeramus
547 735 642 790 eum
677 703 839 789 studiose
882 732 952 818 per
985 706 1131 790 Leonis

290 831 332 915 8<
352 827 575 913 Clementis
595 848 809 939 tempora,
829 851 1006 935 quorum
1025 848 1132 908 uter·

288 972 370 1059 que
403 947 506 1032 mihi
538 946 734 1031 honorem
766 945 880 1030 illum
921 941 1134 1057 desponde·

286 1086 380 1151 rat.
413 1073 474 1154 At
508 1064 762 1180 posteaquam
795 1064 1058 1150 nihilominus
1093 1064 1132 1150 in

251 1206 355 1269 'eas
396 1186 575 1299 plagas,
614 1211 711 1294 quas
749 1181 817 1266 diu
860 1185 1134 1268 vitaveramus

288 1302 438 1389 suimus
482 1303 717 1416 compulsr,
758 1304 1007 1417 permisimus
1049 1305 1136 1414 qui·

289 1419 386 1507 dem
417 1420 672 1536 nosmetipsos
691 1428 780 1508 Deo
803 1485 815 1528 ,
847 1422 1058 1533 nostroque
1078 1424 1136 1508 of·

288 1539 379 1625 ficio
410 1547 449 1629 δι
482 1543 638 1626 muneri
671 1569 752 1626 non
779 1540 913 1627 decise¹
933 1542 1161 1639 constitui·¹

286 1686 380 1747 mus
408 1690 421 1772 3
451 1662 700 1746 decrevimus
733 1684 904 1767 tamen,
945 1661 985 1746 id
1028 1661 1135 1772 quod

291 1779 372 1866 fuit
406 1780 553 1866 neceffe
582 1844 595 1890 ,
628 1780 953 1866 intermiffionem
995 1780 1136 1866 studio·

291 1928 385 1988 rum
405 1901 874 2013 commentationumque
887 1900 1137 2010 nostrarum,

188 2038 198 2049 ‘
292 2048 464 2132 quarum
515 2017 788 2132 jucundissima
846 2022 1137 2106 exercitatione

288 2167 383 2227 cum
400 2162 518 2224 antea
539 2161 797 2248 teneremur,
830 2145 869 2227 &
892 2139 1035 2255 scripta
1054 2141 1138 2251 jam

289 2258 424 2364 aliqua
457 2257 604 2369 partim
625 2256 809 2367 divinae,
842 2261 988 2373 partim
1002 2264 1137 2347 etiam

288 2375 475 2462 humanae
507 2375 767 2491 Philosophiae
809 2383 848 2463 in
884 2382 1011 2465 lucem
1055 2383 1140 2467 edi·

288 2494 505 2606 distemus,
538 2495 766 2582 incredibile
784 2497 892 2583 diuo
914 2501 966 2583 est
983 2564 995 2609 ‚
1014 2531 1140 2614 quan·

292 2638 385 2704 tum
427 2618 488 2703 his
519 2614 658 2701 deinde
690 2618 826 2707 decem
865 2624 1014 2730 annis,
1048 2626 1137 2734 qui·

288 2736 362 2823 bus
393 2736 442 2822 ad
474 2736 775 2824 cardinalatum
815 2739 963 2823 fuimus
998 2738 1134 2827 eredii

287 2855 334 2939 in
376 2855 488 2939 omni
529 2884 673 2970 genere
706 2859 931 2943 litterarum
975 2856 1135 2970 jauurae

290 2972 606 3087 detrimentique
658 2976 901 3087 fecerimus,
941 2980 1048 3091 quod
1090 2981 1135 3067 in

182 3191 191 3208 .
285 3092 335 3177 iis
366 3090 561 3207 (quando
600 3096 842 3183 alterutrum
880 3096 1027 3185 scilicet
1067 3128 1136 3185 ne·

289 3213 387 3298 cesse
420 3211 505 3317 est,
536 3237 607 3297 aur
641 3218 843 3327 acquirere
863 3217 905 3302 in
938 3220 1011 3305 illis
1037 3248 1151 3331 quo·-

294 3329 392 3414 tidie
435 3330 624 3441 aliquid,
654 3362 726 3419 aut
757 3333 1012 3450 deperdere)
1045 3369 1134 3454 pro·

286 3470 378 3563 pter
408 3450 692 3536 molestiffimas
711 3456 874 3564 quidem
908 3461 1132 3545 multarum

281 3595 416 3655 rerum
452 3572 743 3685 occupationes
778 3600 901 3687 atque
927 3606 1053 3684 curae,
1088 3583 1129 3665 dr

1037 3725 1130 3809 pro·
