2542 4350
354 490 582 573 ammoto
605 494 897 572 tonantem.
938 504 944 513 “
1003 498 1050 577 '49'
1134 503 1156 517 ⁸

200 587 305 673 59!st
322 635 331 662 ‚
354 614 438 658 ouva
453 594 675 679 gratulatione
692 592 919 678 mitigavimus
946 587 1047 651 dolu-

190 696 299 759 rtem.
321 683 438 767 ltaque
456 680 617 746 commoti
642 683 746 744 nostra
772 697 847 764 erga
867 694 897 742 te
915 693 1050 763 paterna

190 766 436 849 ‚benevolentia
452 775 482 839 ἃ
496 769 681 845 enaritate,
706 787 803 854 quam
824 766 944 845 etiam,
969 784 1047 830 eum
1081 803 1084 807 ·

190 869 248 941 ,ω’
263 859 341 922 effes
354 860 386 922 in
401 859 580 924 minoribus
598 903 608 933 ‚
635 856 842 943 susceptam,
869 853 994 940 magnis
1014 855 1048 922 8(

190 946 340 1031 tmutuit
355 947 441 1011 inter
466 966 525 1010 not
541 945 657 1015 officiis
683 966 742 1008 nos
757 945 909 1008 auduros
934 943 1047 1027 spera·

190 1051 308 1119 μοι,
332 1037 390 1098 has
418 1038 459 1098 ad
475 1051 565 1097 tuam
585 1033 786 1110 Maiestatem
803 1032 931 1095 litteras
957 1031 1047 1092 dire..

207 1122 350 1196 ximus,
374 1121 509 1185 nirncias
527 1143 599 1185 eum
617 1121 729 1186 nostra
746 1143 787 1186 ex
806 1134 862 1181 tua
884 1118 1049 1206 amplitu-

206 1209 286 1273 dine
309 1208 626 1294 susceptaeiaetitioe,
650 1223 722 1272 tum
739 1206 910 1294 singularis
927 1221 1048 1292 ergata

208 1294 334 1371 audii,
357 1300 385 1363 ἃ
409 1298 555 1360 amoris.
590 1297 661 1360 Nos
690 1310 749 1371 te,
778 1296 952 1360 charissime
975 1293 1047 1369 fili,

217 1381 345 1471 semper
375 1384 593 1465 judicavimus
620 1405 693 1449 curn
719 1388 839 1449 ceteris
864 1383 1050 1450 virtutibus

209 1474 400 1546 omuibus,
426 1492 496 1556 quae
519 1492 636 1558 magno
663 1470 805 1556 Principi
831 1472 1051 1545 conveniant,

210 1577 393 1634 ornatum,
417 1575 488 1625 tum
513 1560 675 1646 precipua
702 1560 842 1642 quadam
875 1560 1052 1644 praeditum

208 1665 289 1731 erga
315 1649 477 1715 summum
492 1652 603 1714 Deum
624 1649 779 1735 pietate,
804 1650 835 1710 in
853 1647 945 1708 iliius
974 1645 1052 1710 san·

209 1737 297 1799 Ciam
319 1739 430 1803 fidem
445 1742 494 1808 ,dt
509 1740 690 1802 Romanam
705 1730 741 1795 ac
757 1731 971 1798 universalem
984 1735 1053 1796 Ec·

207 1821 341 1887 eiefiam
368 1823 525 1909 religione
553 1828 582 1891 ἃ
606 1823 809 1891 observantia
823 1843 836 1900 ς
859 1825 951 1898 cujus
972 1822 1053 1904 qui·

209 1909 292 1974 dem
318 1912 364 1975 rei
379 1912 539 1996 egregiam
563 1911 647 1974 aliae
663 1911 791 1976 laudem
809 1953 820 1982 ,
845 1929 927 1972 nunc
943 1909 1052 1976 maxi·

211 2018 306 2063 mum
332 2001 373 2064 ab
399 1998 469 2085 ipso
483 2002 557 2063 Deo
579 1998 748 2086 premium
776 2018 810 2062 ea
834 1995 1047 2070 consecutus.

210 2107 287 2151 eum
301 2091 371 2163 eius
390 2108 497 2153 recens
512 2087 544 2151 in
565 2103 596 2152 te
611 2106 739 2151 taurum
752 2087 941 2152 beneficium
957 2091 1050 2171 poffis

212 2172 416 2260 agnoscere.
441 2178 495 2241 Eo
517 2179 604 2241 enim
626 2181 757 2242 aratore
780 2219 792 2251 ,
815 2179 844 2243 St
871 2173 1052 2257 largitore,

211 2264 343 2349 Reges,
366 2265 574 2352 &Principes
597 2267 767 2330 nationum
783 2264 1024 2330 constituuntur
1040 2306 1055 2340 ,

212 2372 301 2435 quot
318 2367 384 2417 tam
408 2353 561 2438 preclaro
576 2376 706 2419 munere
724 2355 919 2426 devinctos,
944 2357 982 2416 ad
1001 2377 1055 2416 re·

215 2441 380 2507 terendam
396 2443 469 2505 Deo
491 2443 629 2526 gratiam
645 2484 656 2515 ‚
679 2446 709 2507 Sa
724 2444 816 2506 iliius
832 2441 1055 2503 sanciiffimam

217 2528 462 2618 propagandam
481 2530 576 2591 fidem
594 2571 606 2603 ,
630 2529 740 2591 omnis
755 2533 784 2592 Sa
796 2530 911 2588 diurna
927 2532 976 2600 ,tr
993 2548 1057 2588 no·

214 2623 328 2681 tturua
347 2635 421 2683 cura
438 2615 535 2680 debet
551 2616 720 2680 excitare.
747 2614 812 2676 Hac
833 2613 934 2696 igitur
958 2617 998 2675 de
1021 2629 1058 2677 to

215 2704 297 2795 spe,
320 2710 348 2771 ἃ
363 2702 520 2787 opinione
534 2701 655 2765 imbuti
669 2746 680 2776 ,
706 2701 829 2789 gratias
841 2699 969 2782 agimus
987 2701 1057 2784 pri·

215 2814 308 2857 mum
325 2795 425 2866 Deo,
446 2788 566 2852 deinde
582 2807 644 2854 tue
660 2789 819 2865 Maiestati
831 2787 1061 2873 gratulamur,

216 2881 307 2947 omni
332 2881 448 2943 affeetu
464 2881 492 2944 ὃ(
508 2897 618 2944 amore
645 2881 725 2944 hanc
743 2878 938 2960 dignitatem
965 2894 1061 2941 tuam

218 2967 503 3052 complementa,
526 2986 622 3049 quam
650 2988 713 3031 uon
744 2965 849 3031 solum
875 2982 1062 3052 optamus,

221 3054 278 3123 sed
297 3056 397 3122 etiam
413 3055 581 3141 speramus
606 3056 671 3121 toti
684 3056 869 3119 Christiana
886 3054 1063 3138 Reipubli-

217 3164 263 3208 cae
281 3144 348 3206 fore
363 3144 537 3210 salutarem
553 3164 566 3221 3
592 3144 686 3209 nobis
698 3165 794 3212 vero,
811 3141 866 3227 qui
892 3158 923 3206 te
952 3145 983 3206 in
998 3162 1062 3206 no·

222 3230 294 3297 {tra
322 3231 503 3303 visceribus
526 3231 702 3296 chariratis
732 3233 904 3317 gerimus,
928 3251 965 3297 ac
987 3227 1065 3294 Sedi

221 3317 442 3403 Apostolum
469 3339 538 3402 qua·
566 3320 597 3383 io
615 3339 647 3383 te
664 3319 735 3384 filio
757 3320 815 3385 suo
834 3318 1067 3405 primogenito

222 3404 403 3490 acquiescit
419 3451 440 3492 ,Ι
452 3408 625 3484 jucundam
640 3407 739 3471 etiam
758 3413 807 3481 ,ἃ
828 3406 1037 3470 honorifitam
1053 3446 1064 3469 .

224 3493 318 3559 Illud
335 3496 582 3569 certeMajestat
606 3515 634 3555 m
664 3510 753 3555 tuam
778 3514 838 3579 pro
863 3496 966 3557 nostra
983 3496 1066 3557 affe·

227 3584 334 3649 ctione
348 3598 479 3665 paterna
492 3581 633 3645 breviter
648 3582 885 3645 admonendam
899 3600 1069 3667 putamus,

227 3689 271 3737 ut
283 3670 499 3740 consideratio
521 3665 628 3735 seeum
644 3668 840 3753 diligentius
859 3665 1066 3758 superiorum

323 3759 436 3829 Teu-L
713 3757 742 3822 C
984 3770 1073 3836 κως
