2542 4350
226 383 312 469 cxii
400 379 931 501 Jrcorr.Snnonnnr

225 502 373 587 rificem
387 492 651 587 Maximum*
663 496 833 581 mittere
852 487 1062 609 cogitabat

222 619 298 709 Sed
338 649 432 708 cum
479 620 520 705 in
553 644 604 704 eo
644 611 884 730 accipiendo
928 613 1062 698 honore

223 740 446 825 amicorum
466 737 625 825 confilio
641 733 979 844 authoritatique
1006 726 1063 817 cel·

222 858 356 969 fisset,
387 859 446 943 ita
478 858 519 943 in
546 856 768 971 Republica
794 852 986 940 versatus
1002 848 1062 959 cll,

221 1002 269 1061 ut
316 977 419 1062 nihil
467 998 611 1092 praeter
659 975 777 1087 ipsius
823 971 1060 1087 Reipublicr

218 1096 481 1182 commodum
501 1159 514 1206 ,
547 1092 712 1181 &Sedis
744 1090 999 1206 Apostolicae
1019 1087 1062 1173 di·

220 1215 465 1330 gustarem,
509 1213 756 1329 proposrtum
790 1237 984 1322 unquam
1010 1209 1085 1327 hug

220 1335 380 1419 buerit:
413 1361 458 1418 ac
491 1332 732 1416 sententiam
765 1327 882 1413 suam
914 1358 965 1414 ea
995 1353 1060 1443 qua
1092 1330 1094 1343 '

220 1450 355 1539 decuit
386 1451 627 1537 libertate&
660 1447 885 1536 constantia
903 1444 954 1485 ’‘’‘
980 1446 1092 1547 sem,

220 1599 291 1688 per
319 1570 466 1658 dixerit
495 1629 507 1655 .
552 1569 689 1683 Hujus
727 1567 829 1654 adeo
861 1554 1092 1776 aninlribne¹

976 1719 989 1775 ι
1015 1713 1060 1773 er·

258 1849 275 1880 ·
313 1853 422 1905 Mirum
434 1847 564 1921 eoglralrr
576 1884 585 1903 .
598 1857 611 1921 ]
632 1845 776 1902 Reensendi
794 1843 913 1899 omnino
926 1847 1062 1899 Sunone-

217 1941 285 1983 nunc
298 1930 482 1985 Cerdinesetue
494 1928 649 1999 dignitatem
669 1925 729 1990 (ed
742 1942 822 1995 quem
835 1927 959 1995 plerique
974 1921 1064 1991 relies,

219 2023 249 2058 ιιι
273 2010 310 2060 ira
322 2013 426 2073 dicem,
453 2010 579 2076 remisque
594 2005 780 2075 contendunt)
804 2004 833 2057 in
849 2004 946 2056 animo
959 2002 1035 2055 hebui
1045 2028 1056 2044 ·

218 2085 267 2148 se,
286 2102 319 2135 ex
332 2102 364 2136 eo
377 2085 467 2152 colligi
481 2086 585 2152 potest,
604 2078 673 2153 quod
688 2082 814 2148 inritus,
835 2080 997 2147 resultans,
1019 2096 1059 2131 ve·

219 2159 403 2232 hementerque
416 2163 507 2214 dolens
520 2179 579 2215 enm
599 2160 751 2229 caeperit,
768 2172 960 2230 receptumque
990 2158 1060 2211 illam

219 2256 324 2304 gravem
339 2242 493 2294 servitutem
504 2240 634 2307 appellere
646 2242 745 2308 semper
754 2239 928 2291 consueverit
941 2274 950 2291 .
961 2239 1004 2289 Ex
1017 2254 1064 2307 quo

216 2316 287 2366 enim
309 2330 384 2367 tento
398 2316 497 2368 honore
517 2316 607 2369 anuos
629 2317 662 2370 esl
674 2334 752 2369 verus
763 2314 1061 2383 Christicnaephiloso·

218 2392 284 2458 phire
311 2394 458 2460 professor,
479 2410 613 2464 nunquam
635 2396 686 2447 sese
706 2396 829 2465 querendi
856 2426 868 2460 2
889 2394 1061 2464 doloremque

215 2470 289 2521 suum
312 2472 461 2537 explicandi
489 2471 568 2524 finem
588 2474 674 2525 lecit:
695 2475 764 2543 quocl
786 2473 918 2542 precipue
942 2505 954 2538 ‚
976 2471 1060 2541 pnffim

217 2547 380 2601 iuornnibus
400 2552 453 2602 sere
478 2552 573 2604 litteris
588 2552 643 2618 poll
659 2568 717 2602 enm
742 2566 874 2620 receptam
899 2551 1061 2618 dignitetem

215 2630 330 2680 exaratis
342 2628 426 2681 secisse
439 2629 556 2681 videmus
569 2660 580 2693 ,
600 2645 630 2680 ec
641 2630 784 2697 prasertim
796 2631 824 2680 in
836 2630 869 2680 iie
879 2644 947 2697 ques
964 2630 1063 2698 scripit

214 2706 247 2754 ed
260 2707 454 2771 Hieronymum
469 2709 562 2759 Vidam
578 2707 648 2758 nlbae
663 2708 821 2776 Episcopum
845 2707 900 2760 lib.
915 2723 946 2761 x.
958 2725 1002 2775 ep.
1020 2717 1063 2762 16.

213 2784 246 2833 cd
261 2788 340 2837 Cerd.
363 2792 541 2839 Conterenum
555 2784 602 2837 lib.
619 2801 666 2838 rx.
680 2802 723 2852 ep.
746 2802 792 2838 ιο.
805 2785 837 2837 ed
851 2788 968 2837 Petrum
981 2790 1061 2838 Bem-

214 2858 276 2911 bum
296 2864 344 2914 lib.
356 2882 384 2918 x.
402 2881 445 2931 ep.
465 2880 511 2915 ιι.
531 2860 602 2915 &ed
623 2865 786 2917 Germanum
810 2861 943 2916 Brixium
968 2864 1064 2921 riba.

213 2939 352 3005 epist-17.
883 2979 887 2988 .

261 3012 275 3041 ⁸
290 3014 305 3043 ⁴⁸
344 3022 449 3088 semper·
474 3020 618 3091 dixerir.]
640 3021 709 3075 Hine
733 3019 883 3074 mirandum
904 3039 964 3088 non
985 3018 1058 3076 essu

209 3092 385 3146 Sunonnnus
400 3100 441 3148 vel
456 3099 503 3150 hoe
523 3100 629 3151 nomine
647 3102 678 3151 ab
696 3102 861 3168 Hieronymo
891 3104 972 3158 Plato
986 3112 1058 3153 cete·

212 3171 249 3221 ris
264 3175 448 3226 Cerdinalibur
470 3177 497 3226 in
519 3180 669 3245 exemplum
692 3192 853 3247 proponetur
876 3178 916 3231 his
945 3179 1054 3233 verbis:

209 3279 233 3314 „
256 3252 292 3298 De
313 3253 428 3313 Jncono
450 3256 612 3308 Snnonnro
635 3256 684 3308 hoc
713 3259 841 3310 eruditum
863 3259 899 3308 est
925 3290 937 3324 ,
958 3274 1055 3310 cume

208 3355 233 3391 2,
252 3330 334 3379 Prulo
351 3332 405 3386 111.
417 3329 497 3382 sallus
512 3334 547 3382 ell
562 3335 732 3401 cardinalis,
745 3336 813 3387 nihil
829 3336 940 3404 propius
959 3334 1057 3402 fuisse,
1076 3383 1079 3390 .

210 3434 233 3468 ‚‚
253 3422 331 3471 quem
347 3420 374 3459 ut
389 3409 587 3462 crrdinalarum
602 3415 748 3478 recusaret,
764 3416 804 3465 sed
825 3414 974 3467 amicorum
988 3429 1056 3465 con·

209 3511 233 3547 ‚,
255 3481 348 3533 silio&
369 3484 566 3540 hortationibus
589 3489 686 3542 virtum
711 3492 974 3545 admisrffernndem.
999 3494 1058 3542 Ve-

210 3589 235 3627 ῃ
254 3576 312 3616 rum
325 3561 373 3619 hoc
386 3564 426 3625 illi
444 3564 526 3623 sirum
546 3585 574 3626 cc
587 3570 712 3628 statutum
729 3570 825 3643 ruine,
846 3584 876 3629 rr
890 3570 960 3624 nihil
980 3570 1057 3622 eliud

953 3680 981 3725 υ
1001 3666 1057 3725 ¹¹²:
