2542 4350
514 492 603 574 Vt
636 515 666 572 τ
699 497 755 572 Αἱ
950 489 1051 575 xciii

210 623 273 690 tes
310 603 463 688 secutus
502 604 678 714 fuerat,
728 611 767 692 8<
818 606 1048 722 expugnata

209 724 402 809 nonnulla
423 724 561 810 Galliae
579 724 724 840 oppida
739 752 903 840 ,pacem
919 721 941 833 f‘
957 755 1051 811 cum

213 872 265 928 eo
295 869 387 957 rege
418 843 514 929 fecit
543 876 553 929 ι
586 873 665 956 qua
695 873 747 929 ex
777 873 819 929 re
849 842 1052 932 Sadoletus

214 985 375 1049 tantum
408 963 555 1048 laetitiae
580 991 627 1048 ac
645 964 861 1076 voluptatis
891 965 1050 1077 coepit,

214 1104 262 1167 ut
294 1088 383 1168 Deo
415 1081 609 1169 bonorum
642 1085 825 1169 omnium
857 1082 1050 1190 authori,

214 1202 269 1286 ab
311 1200 484 1287 Ecclesia
533 1202 598 1287 soa
630 1202 820 1287 meritum
862 1202 1053 1285 continuo

214 1323 411 1407 honorem
438 1321 574 1410 haberi
592 1321 773 1432 miserit,
804 1324 843 1406 8(
866 1318 1054 1433 scriptam

207 1437 300 1553 ,ipse
317 1440 538 1524 orationem
560 1442 678 1556 paulo
696 1435 840 1555 post.'‘¹‘
864 1437 913 1523 ad
932 1445 1055 1523 Caro·

218 1560 305 1646 lum
347 1559 496 1643 miserit
531 1623 545 1668 ‚
578 1590 649 1675 per
693 1587 817 1670 quam
862 1558 965 1642 illius
1005 1555 1058 1640 sa·

219 1677 373 1794 pientia
399 1682 436 1761 8<
471 1677 744 1760 moderatione
763 1674 921 1760 laudata
939 1736 952 1780 ‚
971 1702 1058 1785 gra·

176 1878 185 1884 .
221 1798 299 1882 tias
340 1796 377 1878 ei
417 1795 500 1909 egit
547 1793 616 1883 suo
659 1799 699 1878 8<
740 1792 1058 1880 Christianorum

977 1937 1062 1993 om·

262 2030 279 2062 ‘⁸
318 2037 383 2085 Cum
400 2049 427 2084 ee
450 2034 579 2102 tepefecit
591 2042 623 2107 .]
645 2031 750 2085 Saneita
768 2031 820 2085 fait
845 2049 897 2101 pax
916 2027 986 2080 inter
998 2029 1058 2079 Ca·

221 2114 323 2165 stream
343 2109 367 2160 dt
386 2109 629 2163 christianissimam
654 2109 797 2171 maiestates
820 2111 863 2162 die
886 2123 986 2160 rottr-
1012 2106 1058 2155 Se·

227 2188 355 2258 ptembria
388 2206 558 2254 annotsaa.
590 2191 720 2241 Eleonora
744 2192 836 2243 Sorore
869 2186 959 2243 Caroli
982 2188 1016 2237 V.
1036 2180 1063 2235 le

227 2267 357 2320 traiecisti
383 2276 409 2323 1.
439 2264 549 2334 coniuge
573 2268 741 2337 interprete,
761 2287 838 2338 quarn
861 2266 986 2320 Pontifex
1008 2280 1059 2314 an·

227 2361 265 2397 no
283 2345 408 2411 superiori
432 2359 570 2413 rogaverat
592 2379 602 2411 ‚
623 2361 652 2398 ut
673 2347 746 2397 suum
774 2349 884 2398 studium
909 2347 1063 2408 interpone·

227 2436 270 2475 ret
295 2424 361 2488 apud
379 2422 466 2475 virum
487 2421 511 2471 ἃ
530 2425 638 2475 fratrem
657 2454 668 2488 ,
689 2441 742 2493 qno
768 2423 820 2475 hae
840 2420 991 2475 saniliffima
1010 2434 1062 2486 pax

229 2498 401 2552 eonfiteretur
414 2534 423 2551 .

253 2574 268 2604 ⁴⁸
282 2573 295 2603 ⁸
319 2578 359 2628 Aa
369 2580 486 2630 Carnium
497 2579 626 2649 miseria]
639 2579 719 2628 Extat
730 2576 782 2628 hae
795 2579 892 2630 Oratio
905 2576 974 2626 inter
986 2572 1064 2637 ipsine

231 2656 385 2708 Saootm
399 2671 478 2721 opera
491 2654 620 2705 editionis
633 2655 786 2705 Veroneniia
799 2667 865 2707 tom.
877 2659 914 2705 11.
924 2667 982 2719 με·
997 2657 1066 2713 ²64·

229 2734 312 2801 deque
331 2748 361 2783 ea
385 2732 461 2784 verba
491 2732 567 2783 habet
597 2731 624 2782 ia
649 2731 763 2799 Epistola
783 2734 891 2800 quadarn
923 2729 954 2780 ad
976 2729 1066 2777 Anto·

231 2809 308 2861 aiom
331 2818 505 2867 Petronotum
525 2808 681 2876 Episcopum
701 2808 1067 2874 atrebatensemmaeacar.

234 2900 310 2956 pent.
320 2904 347 2939 v.
362 2889 421 2944 {dat
435 2887 593 2938 Novembris
609 2904 620 2938 r
628 2903 692 2951 545.
707 2887 754 2938 lib.
764 2905 855 2957 xmp.
866 2907 894 2954 7.
907 2887 965 2938 tabi:
979 2914 1002 2947 ‚‚
1012 2885 1069 2950 Ego

233 2997 259 3031 ,‚
279 2955 418 3034 (induit)
437 2964 491 3031 post
513 2980 601 3030 pacem
621 2963 716 3016 sestam
739 2996 750 3030 ,
770 2967 933 3035 quanuiiom
956 2956 1067 3040 mainel,

233 3073 258 3108 „
276 3060 358 3113 neque
379 3041 539 3109 praestantior
559 3041 606 3094 hoe
628 3053 746 3110 tempore
768 3043 919 3095 beneficium
935 3058 949 3091 a
963 3040 1067 3090 summo

233 3150 259 3187 ‚‚
281 3122 442 3187 Imperatore
452 3118 549 3173 Ceroio
567 3121 594 3172 in
606 3118 781 3173 christianam
801 3118 998 3189 Rempobliearn
1019 3132 1068 3183 po·

233 3228 259 3265 ‚,
279 3199 332 3250 tuit
346 3197 496 3265 proficisci,
517 3198 616 3249 secutus
640 3197 769 3258 maiorum
790 3201 938 3268 exempla,
959 3195 1003 3265 qui
1026 3207 1068 3245 te·

231 3306 259 3343 0,
279 3275 430 3327 stimonium
450 3276 534 3328 laudia
551 3273 677 3335 &iudicii
697 3278 734 3329 soi
748 3279 867 3346 ‚optime
881 3274 983 3328 metitis
994 3271 1070 3341 prin·

234 3384 260 3420 „
279 3354 380 3422 cipibus
400 3353 511 3405 libenter
523 3354 643 3421 dabant,·
663 3356 768 3407 exaravi
789 3354 980 3407 oratiunculam
996 3366 1069 3417 ,que

236 3463 261 3498 ,‚
281 3431 380 3499 gratiae
405 3432 501 3484 Caesari
523 3433 658 3484 communi
681 3431 887 3486 christianornm
910 3429 1071 3496 Popuiorum

237 3541 262 3577 „
284 3508 391 3559 nomine
410 3526 507 3575 agene,
531 3510 609 3561 illum
637 3524 757 3578 preterea
776 3512 806 3561 ad
826 3525 929 3562 caetea
948 3504 1072 3573 gerendae

236 3617 261 3652 2,
280 3586 498 3655 suscipiendasque
521 3586 646 3638 adhortor
667 3620 678 3652 ,
697 3604 759 3657 quar
787 3588 901 3639 maxime
923 3584 995 3634 illiue
1018 3597 1077 3632 am.

236 3694 263 3730 ‚‚
283 3664 383 3731 ptitudo
402 3662 426 3712 ἃ
444 3664 583 3731 dignitas,
604 3665 693 3738 reique
706 3665 813 3737 publiea
838 3666 905 3721 selua
920 3661 1022 3717 videtur
1040 3655 1073 3710 οὗ

242 3772 267 3818 22
287 3757 319 3797 ‘0
331 3740 481 3813 postium,
500 3738 550 3797 &Ge
561 3771 585 3814 χ
