2542 4350
299 492 385 577 xcii
451 496 646 608 Jrcoar
687 493 965 575 Sinorarr

296 610 504 716 veniret,
544 607 730 692 interfuit
771 607 973 716 colloquio
1025 607 1140 692 Pauli

298 726 503 817 Pontificis
533 727 713 811 Maximi
748 730 789 812 &
819 724 957 813 Caroli
987 729 1143 811 Roma·

301 852 345 934 ni
374 847 680 960 Imperatoris,
719 846 791 956 qui
832 844 875 927 in
919 869 1019 957 agro
1052 851 1144 934 Par·

299 967 429 1052 menfi
455 965 645 1078 congreffi
681 963 806 1048 sunt.
845 969 933 1048 Iter
963 986 1060 1048 tum
1092 991 1143 1049 ex

302 1086 499 1199 Hispania
527 1084 692 1171 Carolus
710 1083 752 1166 in
781 1081 1047 1168 Germaniam
1077 1083 1144 1168 ha·
1182 1094 1184 1099 '

301 1206 448 1289 bebat:
478 1204 614 1288 oblata
645 1228 694 1285 ea
721 1201 952 1309 oceafione,
983 1199 1144 1289 Sadole-

300 1346 367 1410 tus
397 1350 592 1435 magnum
622 1320 805 1404 laborum
830 1347 929 1430 quor
959 1319 1003 1403 in
1034 1320 1143 1435 lega·

304 1444 418 1529 tione
449 1441 669 1554 pertulerat
691 1438 868 1522 {ruitum
898 1458 1067 1551 captum
1100 1439 1149 1524 iri

305 1591 332 1649 a
360 1562 400 1647 se
442 1557 689 1643 existimavit
720 1620 735 1664 ,
767 1559 796 1640 fi
827 1557 941 1641 illum
984 1585 1147 1668 quoque

303 1680 357 1769 ad
393 1707 533 1794 pacem
564 1676 749 1762 hortatus
789 1676 883 1760 effer
908 1736 920 1758 .
950 1674 1145 1762 Redierat

307 1799 418 1887 enim
435 1827 486 1884 ex
505 1797 703 1911 legatione
724 1795 909 1902 Gallica,
940 1794 1146 1880 animum·

307 1947 389 2033 que
435 1917 519 2027 ejus
549 1917 650 2028 regis
680 1912 728 1998 ad
772 1909 1023 1999 concordiam
1058 1943 1145 2029 pro·

308 2036 476 2152 pensum
506 2055 781 2147 cognoverat,
814 2033 878 2117 vel
900 2030 981 2145 ipse
1013 2034 1145 2145 potius

308 2157 523 2241 effecerat.
554 2159 709 2238 Verum
739 2149 839 2235 adeo
880 2151 1046 2236 Carolus
1078 2151 1146 2239 do·

310 2277 392 2360 lore
423 2274 559 2382 iraque
589 2271 820 2375 exarserat,
851 2268 998 2381 quoda
1030 2277 1146 2385 Rege

309 2391 449 2477 Galliae
479 2390 628 2469 bellum
654 2413 892 2473 renovatum
920 2389 1082 2497 fuisset,
1103 2416 1148 2474 ut

311 2536 440 2619 neque
470 2529 651 2590 accurata
682 2504 853 2593 Sadoleti
884 2508 1046 2615 oratio,
1080 2538 1147 2593 ne·

312 2657 392 2740 que
423 2627 540 2741 ipfius
570 2624 770 2711 Pontificir
805 2625 979 2713 Maximi
1003 2627 1150 2711 autho·

311 2750 409 2833 ritas
439 2748 656 2856 quicquam
676 2745 916 2861 profecerit.
947 2751 988 2832 Is
1007 2767 1149 2835 tamen

312 2864 475 2980 postea,
507 2866 630 2951 lenita
663 2864 847 2951 videlicet
864 2868 953 2973 ira,
985 2865 1070 2979 post
1090 2870 1151 2953 vi·

311 2981 421 3066 &um
454 2990 493 3071 &
513 2986 553 3067 in
587 2982 831 3069 deditionem
861 3009 1074 3099 acceptum¹
1089 2987 1151 3075 Si·

308 3104 562 3189 cambrorum
592 3103 773 3215 ducem,
814 3105 886 3215 qui
924 3106 1026 3219 regis
1058 3133 1148 3219 par·

965 3277 972 3292 =
1056 3246 1148 3337 tes,

307 3448 330 3483 2,
350 3418 461 3482 nimus,
481 3416 587 3488 herique
610 3424 734 3475 Pontifex
753 3424 877 3491 ingrersus
895 3425 984 3477 urbem
1002 3422 1038 3475 est
1062 3442 1071 3487 ;
1093 3444 1150 3481 cm

309 3526 333 3559 ‚‚
353 3512 415 3546 vero
430 3508 473 3547 aut
494 3497 609 3561 perindie
624 3502 748 3553 Caesarem
763 3501 927 3568 experiamur
937 3534 964 3566 „
978 3506 1083 3556 sarm,
1097 3506 1152 3557 hae

307 3572 403 3636 scripsit
416 3575 591 3627 Sinorarus
616 3596 660 3628 xv.
675 3581 735 3630 Cal.
752 3581 839 3643 Julii,
859 3596 939 3646 quum
954 3580 1082 3629 incertum
1097 3584 1145 3630 ad.

312 3648 361 3700 hue
381 3651 463 3712 esset,
485 3665 572 3703 utrum
591 3659 710 3708 Parmam
725 3658 809 3716 Cesar
833 3659 894 3709 effer
915 3668 1041 3709 ventatur
1056 3663 1151 3727 3quod

317 3736 405 3780 ermen
426 3728 565 3795 praestitit.
