2542 4350
470 247 510 332 V
544 269 560 327 1
594 270 625 328 τ
657 272 713 332 t.
912 255 1012 347 ,xci

144 358 251 446 siam
299 388 381 450 non
423 364 505 450 sine
548 393 699 479 magno
742 369 1009 483 Carpentora-

152 475 352 572 &entium
380 477 401 581 f
429 484 569 573 dolore
588 484 783 574 discedit.
816 496 882 578 Eo
909 521 1009 583 cum

935 639 1007 697 ve·

189 772 207 807 ⁰
246 780 509 854 Desotedr'seeffit.J
529 784 677 839 nonenim
698 802 763 855 ergo
785 789 817 840 ed
842 786 1001 844 Pontificem

147 855 250 922 mit,
270 871 300 912 nt
314 862 405 929 paullo
426 861 542 930 superine
561 865 701 930 vidintur,
720 866 797 934 eique
821 867 901 918 cende
924 884 1002 918 corn·

148 938 307 991 memoretie
328 937 423 1009 qnibne
443 940 475 991 ed
494 939 651 996 veniendum
670 941 774 995 errent,
792 944 1000 1017 soeretgdiffiei·

106 1024 110 1029 ·
146 1009 228 1077 lior,
248 1013 345 1069 institit
369 1017 459 1069 eedem
484 1031 597 1086 petere,
616 1039 674 1091 qne
696 1021 826 1087 petiverat
849 1036 928 1074 entee
948 1039 997 1090 per

145 1087 254 1143 litterce
264 1123 276 1158 ‚
296 1093 426 1148 nimirum
447 1108 477 1148 nt
495 1097 581 1150 redire
593 1099 626 1150 ed
640 1099 779 1152 Eeesefictn
800 1101 874 1152 snenr
898 1099 942 1152 nbi
956 1100 998 1152 si·

148 1179 242 1233 teret,
260 1172 328 1241 qnod
351 1172 477 1241 fignificat
491 1174 520 1226 in
538 1176 628 1228 eedem
650 1178 682 1228 ed
709 1178 818 1230 Peulnnr
840 1179 995 1232 Sedosetont

145 1243 257 1312 epistole
277 1249 374 1318 scripte
392 1252 513 1306 eneti.
534 1253 602 1317 Jusii
621 1271 667 1307 en.
698 1271 784 1321 ¹543·
806 1256 931 1309 Pontifex
953 1255 993 1308 rei

145 1323 365 1381 constitutionem
385 1329 414 1380 in
432 1330 504 1382 eliud
525 1343 631 1400 tempor
655 1333 755 1386 distulit
778 1369 787 1387 .
808 1365 831 1400 ,‚
860 1332 991 1386 Postridie

144 1430 172 1466 2,
193 1399 254 1462 (sic
266 1405 340 1457 eninr
356 1406 410 1471 ipse
421 1417 507 1458 cetere
521 1410 602 1461 resert
616 1410 676 1460 loco
688 1411 772 1463 eiteto
781 1419 797 1481 )
807 1411 852 1481 qui
867 1411 919 1463 suit
931 1410 990 1462 diee

143 1507 171 1544 „
191 1493 241 1532 vr.
262 1480 325 1532 Idne
342 1483 417 1544 Junii
440 1484 551 1533 Senetne
569 1484 666 1537 iteroen
691 1497 798 1537 vocetur
820 1486 855 1536 est
875 1519 885 1536 .
905 1487 991 1539 censs

147 1585 173 1622 2,
194 1558 369 1609 conveniendi
383 1558 456 1621 snit,
475 1560 543 1628 qnod
556 1576 617 1611 eune
629 1561 806 1630 superioribus
823 1561 913 1614 dieboe
926 1563 991 1612 suis·

144 1661 170 1700 ‚,
193 1634 231 1686 set
244 1634 276 1684 de
294 1634 405 1686 consilii
430 1636 559 1688 sententie
579 1637 735 1704 decretum,
755 1639 771 1688 fi
792 1640 877 1692 Ceser
898 1641 990 1689 Bono·

145 1739 172 1777 „
192 1712 265 1764 nient
288 1711 378 1765 venire
397 1715 526 1767 recnseret
547 1715 719 1785 (properere
740 1714 812 1768 eninr
833 1714 990 1780 dicebant,

146 1816 174 1854 2,
194 1804 241 1843 nec
263 1789 378 1860 spetinnr
398 1790 490 1844 hebere
501 1790 535 1843 eb
552 1791 648 1846 itinere
664 1793 812 1847 reclinanti
826 1801 843 1862 )
856 1804 884 1846 nt
899 1808 931 1844 ne
946 1792 989 1844 ns·

145 1881 171 1932 ς,
190 1869 272 1921 terinr
296 1869 448 1937 procederet
473 1869 622 1938 Pontifex,
642 1871 684 1923 sed
706 1869 840 1924 velillum
859 1869 987 1921 Bononio

146 1971 172 2009 2,
191 1947 345 2015 exciperet,
358 1949 402 2000 vel
421 1947 439 1998 si
458 1947 484 1999 id
500 1964 555 2000 non
581 1949 772 2017 contingeret,
793 1947 987 2017 ineppelletnne

148 2050 173 2088 ῃ
193 2023 264 2076 ebire
282 2036 436 2093 peteretur:
455 2042 515 2079 cunt
538 2039 628 2080 temen
647 2060 659 2093 ‚
678 2028 696 2079 fi
717 2027 786 2099 qnod
804 2028 833 2078 in
851 2024 987 2092 congressu

148 2103 322 2169 „egendum
344 2105 405 2157 esset
425 2135 437 2170 ,
458 2103 485 2154 id
517 2104 654 2158 mittendie
675 2105 779 2157 nuntiis
805 2104 882 2156 senile
904 2102 989 2171 posset

145 2203 172 2241 2,
191 2179 279 2230 sarciri
301 2212 311 2231 .
331 2184 414 2233 Retio
431 2188 518 2230 entem
541 2185 580 2232 ite
599 2178 755 2230 decernendi
774 2183 861 2231 soeret
882 2208 894 2241 ,
915 2180 987 2245 qnod

146 2282 171 2320 2²
190 2256 326 2310 videbetnr
347 2255 532 2322 hoedigniteti
552 2254 578 2305 n
591 2253 719 2322 grevitrti
738 2253 810 2304 Sedie
829 2252 988 2319 Apostolic·

145 2360 171 2398 ῃ
192 2335 306 2386 menime
327 2333 487 2396 convenire;
507 2332 632 2400 intusque
653 2340 759 2383 eteteen
778 2327 916 2381 Pontideie
938 2342 987 2397 per

144 2437 171 2474 2,
190 2411 314 2479 grandem
327 2423 369 2467 tot
388 2409 515 2464 itinerum
527 2408 662 2461 leboribne
678 2404 759 2466 obiici
772 2422 827 2458 non
844 2404 986 2473 plecebet·

142 2517 169 2555 2,
189 2491 260 2557 Ergo
273 2489 326 2543 hee
342 2490 433 2542 eedem
446 2504 487 2540 ree
501 2486 596 2541 iterum
614 2483 724 2537 eddni'te
736 2498 791 2538 eret
805 2484 834 2536 in
855 2482 990 2550 discepta-

143 2596 170 2631 „
190 2566 291 2619 tionern
311 2587 322 2634 ς
355 2569 502 2637 placeretne
520 2564 630 2619 uiterine
649 2563 757 2617 obviem
780 2560 916 2642 procedi,
936 2574 987 2614 nen

142 2672 169 2711 5,
189 2660 243 2696 ne.
264 2649 335 2698 Nem
348 2646 433 2701 ceser
445 2644 550 2716 quidem
570 2646 690 2710 Ferme,
710 2644 736 2694 se
748 2641 895 2694 ostenderet
912 2642 982 2691 Pon·

142 2752 168 2789 ,2
188 2721 287 2775 tisieenr
306 2723 420 2777 libenter
439 2731 654 2776 conventurum.
675 2720 726 2773 iiic
742 2720 853 2794 qninpne
866 2727 929 2771 ente
942 2732 986 2770 ne

142 2828 168 2866 ,‚
186 2801 275 2868 rogeti
294 2801 323 2852 in
335 2801 464 2856 sententie
486 2799 594 2869 pristine
617 2799 835 2867 permenserunt;
855 2812 914 2849 cnm
933 2812 983 2847 ee·

141 2905 168 2944 ‚‚
187 2879 307 2947 ceptione
325 2892 435 2945 tenen,
454 2878 501 2930 niti
514 2889 585 2931 certe
603 2878 660 2946 spee
679 2877 770 2947 eliqne
790 2876 821 2927 de
839 2891 901 2943 pecc
922 2872 987 2928 esset

142 2985 169 3023 „
188 2955 301 3023 oblete,
321 2975 378 3029 qna
396 2956 448 3010 iter
470 2956 608 3023 suedmt3
628 2967 685 3008 trun
706 2955 779 3007 eninr
802 2954 842 3005 ire
860 2962 986 3021 oportere

141 3062 166 3099 „
186 3035 341 3088 censuerunt
363 3068 372 3087 .
395 3037 451 3102 Ego
473 3046 578 3101 rogetur
603 3065 615 3098 ‚
642 3034 803 3086 eontreritnr
828 3029 987 3082 sententian

140 3140 166 3177 „
185 3111 243 3164 dixi
259 3131 270 3179 ;
289 3114 320 3165 de
333 3112 481 3166 veletodine
499 3109 525 3162 ἃ
538 3111 722 3164 incolnnritete
741 3109 859 3177 eorporis
869 3109 901 3159 ed
913 3111 987 3159 Pon·

140 3217 165 3253 „
185 3187 266 3243 tifieie
277 3187 402 3251 iudiciuin
423 3188 500 3251 reieci
520 3222 572 3257 „.
593 3188 734 3260 Postquern
747 3185 905 3241 sententian
919 3184 987 3238 eene

141 3266 237 3333 suern,
256 3286 307 3340 qne
323 3270 437 3322 enndntn
451 3268 499 3321 esse
518 3266 695 3331 deterrebit,
714 3266 796 3319 letiee
813 3261 987 3331 explicuit,

141 3344 252 3399 subiicit
265 3362 276 3400 .·
298 3378 321 3415 „
341 3342 396 3400 Hac
415 3363 485 3400 ente
499 3344 627 3398 sententie
639 3342 709 3397 diae
721 3343 754 3395 eb
770 3339 896 3395 ontnibne
909 3339 988 3391 dein·

142 3453 169 3494 e,
188 3440 250 3497 cepe
273 3425 303 3481 in
316 3425 435 3482 cendern
456 3422 492 3479 esi
509 3421 665 3479 tineosum.
686 3423 779 3493 lthee
800 3424 925 3475 Pernen
944 3425 993 3547 'di'

907 3524 932 3565 „
980 3514 997 3536 .
