2542 4350
304 477 401 569 xxiv
477 485 670 595 Jncoot
709 473 980 566 Snuotnrt

165 626 173 637 ··
301 600 444 684 denter
474 596 616 680 sentire
647 596 846 684 Sadoletus
864 658 878 704 ‚
896 598 937 679 8<
962 587 1141 677 fideliter
1190 652 1192 657 -

305 743 469 802 monere
500 715 635 800 solitus
664 716 822 800 suisset.
853 711 928 798 llle
958 713 1072 797 enim
1099 715 1141 796 8(

305 835 422 920 initio
453 833 635 918 dissuasor
668 835 759 918 belli
795 829 976 916 adversus
1017 837 1145 916 Caro·
1189 868 1192 949 1

310 956 436 1059 lum,
484 952 688 1067 &postea
723 948 1048 1066 deponendorum
1084 976 1145 1034 ar·
1189 954 1192 1009 ¹

310 1099 468 1156 morum
509 1073 675 1157 assiduus
705 1073 888 1156 hortator
914 1097 937 1178 ‚·
956 1068 1146 1184 pacisque

311 1188 514 1298 quibusvis
566 1190 858 1276 conditionibus
907 1186 1147 1303 accipiendo

311 1308 459 1391 author
487 1308 644 1423 semper
659 1309 870 1394 extiterat:
891 1310 960 1418 qui
979 1306 1150 1417 quidem

310 1455 404 1510 curn
436 1426 533 1541 saepo
563 1429 690 1537 alias,
721 1451 810 1510 tum
843 1454 891 1508 eo
919 1448 1151 1539 tempore,

310 1570 392 1657 quo
425 1543 657 1629 Christianis
687 1545 931 1658 Principibus
962 1545 1153 1629 intestino

315 1664 418 1747 bello
454 1665 707 1778 implicatis,
742 1665 957 1749 belluma
998 1669 1153 1749 Turca·

318 1811 411 1868 rum
449 1788 562 1897 Rege
600 1784 808 1870 Pannonio
845 1784 1003 1866 illatum
1049 1782 1151 1889 est,

319 1930 414 1987 cum
439 1930 605 2013 regnum
624 1903 754 2008 illud,
785 1901 888 2009 quod
918 1897 1153 1984 Christiano

318 2021 560 2131 Reipublicae
579 2017 842 2100 firmiffimum
857 2016 906 2099 ad
930 2046 1022 2100 eam
1043 2017 1153 2103 diem

317 2134 656 2249 propugnaculum
687 2133 861 2242 fuerat,
891 2137 1082 2221 maximo
1113 2137 1154 2223 in

316 2252 538 2336 discrimine
585 2250 843 2335 versaretur:
886 2253 1155 2350 honestissime

315 2369 366 2454 ab
394 2367 477 2481 ipso
494 2368 684 2455 Pontifice
711 2372 900 2456 Maximo
919 2376 1025 2488 pacis
1044 2404 1156 2461 men·

316 2488 471 2572 tionem
503 2486 631 2597 fieri,
670 2493 710 2575 8<
741 2490 790 2573 de
827 2489 1065 2606 deponendis
1107 2522 1170 2578 ac*

315 2608 448 2721 potius
488 2606 716 2692 abiiciendis
767 2611 887 2696 armis
936 2612 1005 2725 agi
1044 2613 1154 2723 posse

310 2726 502 2809 censuit:
535 2725 654 2836 idque
693 2756 785 2812 eum
818 2727 1029 2815 admonere
1070 2759 1152 2814 non

315 2840 506 2929 destitit.
537 2844 611 2931 Sed
653 2845 844 2933 nimirum
886 2855 994 2934 Deus
1033 2848 1150 2932 nobis

325 2977 361 3060 'n
1095 2967 1152 3051 ob

312 3169 402 3221 ector
422 3170 568 3225 Glorierius
590 3176 706 3228 Gallus.
726 3177 775 3229 Sed
797 3189 825 3231 ut
845 3178 875 3229 ad
895 3180 1081 3233 Snuotsrust
1105 3192 1150 3227 re·

313 3259 474 3312 vertamur,
496 3251 628 3317 colligitur
653 3272 685 3305 ex
706 3255 770 3320 his,
793 3273 852 3306 rum
875 3275 921 3307 xv.
942 3256 1056 3307 Kalend.
1079 3253 1151 3305 Maii

316 3324 401 3372 Romo
420 3324 565 3379 excessisse.
589 3331 668 3380 Venit
687 3345 773 3382 curem
803 3333 1006 3399 Carpentortslr
1026 3335 1057 3384 td
1077 3332 1157 3383 dicut·

241 3468 247 3476 ι
316 3413 345 3449 v.
360 3403 432 3449 Non.
444 3404 513 3453 Moii
528 3437 538 3467 ,
560 3417 588 3456 ut
603 3406 711 3471 ipsemet
728 3410 814 3461 scribit
828 3411 959 3462 Matthaeo
970 3412 1079 3462 Giberto
1096 3412 1151 3460 Ve-

304 3477 458 3527 ,tonenlium
479 3482 622 3546 numini,
643 3503 707 3536 xvr.
719 3487 778 3536 Ctl.
793 3489 884 3548 ,lunias
905 3507 948 3540 tu.
962 3486 1108 3550 152701ib·
1125 3500 1154 3537 1·

316 3551 390 3616 epist.
406 3558 577 3626 umdemque
595 3561 635 3610 die
653 3565 751 3612 Lazaro
774 3566 939 3631 Bonamico,
961 3567 1007 3617 lib.
1024 3582 1046 3614 r·
1061 3581 1103 3627 tp·
1121 3582 1156 3622 ².
1187 3575 1192 3590 ¹

316 3625 344 3676 dr
359 3632 485 3685 ul.Non.
497 3637 778 3700 Novembrisejusdem
791 3643 855 3693 tuni
869 3647 946 3696 Petro
959 3641 1054 3693 Bembo
1068 3638 1154 3698 liba·
1188 3621 1192 3660 Ι

319 3707 394 3774 rpill.
408 3729 434 3780 3.
447 3712 574 3784 aliisque.
