2542 4350
207 486 236 542 a
350 454 562 537 i'AGOBI
594 455 925 527 SADOLBTI
1010 540 1019 547 ,

209 546 414 619 emtionis.
436 551 547 641 Qare
559 545 791 634 quodtlterie
806 545 949 612 litterir
963 545 1049 612 aba·

210 644 288 704 dem
301 638 533 705 l’redetetlore
546 635 658 702 nostro
671 635 886 722 suppliciter
901 636 1050 722 postulat,
1081 646 1084 687 ἰ

209 741 252 795 ut
262 748 305 792 ue
316 728 398 811 quid
412 740 555 793 novetur
566 725 659 810 quud
673 727 717 788 ad
728 722 945 791 Misneusem
957 723 1052 803 Eccle·

210 818 293 883 itm
357 811 507 892 rtinett,
530 836 612 880 neve
639 833 659 876 a
681 829 800 878 vetere
827 810 1053 878 consuetudine

212 910 285 981 eius
301 903 454 969 ervitttia
469 951 481 981 ,
502 908 564 971 &t
579 909 650 982 jure
662 924 719 987 per
744 899 958 986 Capitulum
974 898 1055 966 Anti·
1090 950 1092 957 .

212 989 302 1055 tritis
323 990 468 1078 eligendi
485 992 653 1057 recedatur
668 986 1056 1078 3proesentiqueEpisco·

269 1119 283 1151 2
303 1083 328 1145 ti
350 1093 467 1144 coutet
493 1081 543 1144 lta
563 1099 756 1162 moremque
775 1081 980 1156 maiorum,
1000 1073 1059 1142 suc·

214 1166 371 1233 cefforem
392 1169 485 1233 libia
507 1174 540 1232 S·
561 1170 642 1233 Sede
661 1168 973 1249 coadjutoremque
995 1184 1058 1232 con·

216 1254 289 1319 redi
301 1256 517 1343 postulaverit
527 1298 538 1329 ,
561 1270 600 1319 ut
612 1277 651 1320 ne
675 1254 911 1333 concedatur3
935 1275 999 1320 noa
1012 1255 1059 1316 htr

216 1356 292 1406 tota
303 1347 344 1411 de
356 1363 390 1406 re
404 1359 438 1407 te
449 1343 560 1409 tnimo
576 1343 731 1408 soluto&
749 1357 880 1428 pacato
897 1345 963 1409 ess'e
973 1341 1061 1408 volu·

216 1453 316 1509 mur,
337 1431 487 1516 nihilque
511 1428 795 1496 omninoanobia
819 1431 952 1515 iniquae
973 1429 1060 1495 uo'vi·

218 1520 304 1584 tatic
324 1525 513 1606 expectare:
537 1518 628 1603 quod
642 1520 701 1583 etsr
717 1519 887 1584 omuibus
902 1522 937 1585 in
952 1521 1059 1593 rebus,

220 1608 300 1673 Deo
315 1607 472 1695 largiente
486 1654 500 1686 ‚
518 1606 724 1675 observaturi
735 1604 883 1683 sumne,
909 1607 1061 1673 tamenin

219 1697 284 1760 me
305 1696 374 1784 ipit
393 1695 487 1762 mula
500 1698 650 1781 tua,quo
664 1694 825 1759 libentius
847 1697 888 1760 id
909 1715 1060 1781 agamur,

221 1785 306 1848 ierit
324 1783 459 1871 perlout
469 1799 529 1849 tut
544 1783 713 1868 virtusque
735 1781 839 1851 animi
853 1785 911 1849 tui
926 1783 1062 1868 ungula.

220 1872 292 1945 ris,
314 1893 436 1938 necnon
448 1873 553 1938 nostra
563 1895 637 1961 erga
649 1869 878 1937 Nobilitatem
902 1888 998 1938 tuam
1009 1890 1062 1960 pt·

222 1973 319 2024 terna
339 1962 489 2038 affessio,
513 1982 611 2045 quam
634 1960 866 2026 tibiomnibus
891 1962 928 2026 in
944 1964 1063 2041 rebor,

223 2068 299 2130 que
314 2071 354 2114 ex
367 2051 442 2114 Deo
455 2066 549 2114 erunt
560 2063 752 2137 perpetuam
765 2048 984 2115 tribuemus.
1008 2049 1065 2116 Al.

223 2136 308 2202 terit
320 2157 399 2202 uero
413 2137 445 2202 iu
460 2139 581 2205 litteris
599 2138 688 2225 quod
711 2132 828 2201 scribis
843 2184 855 2214 ,
880 2139 1000 2204 audita
1016 2139 1064 2203 lt·

223 2244 278 2286 ma
292 2225 435 2292 concilii
446 2227 689 2301 Lateraueofir,
712 2244 921 2311 quamquam
939 2225 1002 2291 tibi
1014 2226 1065 2291 ni.

223 2311 274 2399 hil
297 2314 493 2378 nominatim
507 2317 547 2381 de
557 2336 597 2379 eo
612 2316 813 2402 inditium&
824 2316 1064 2381 denuntiatum

224 2400 347 2475 inerit,
372 2419 482 2466 tamen
504 2424 523 2467 t
545 2400 804 2489 Congregatio'ne
819 2404 1006 2476 fidelium,
1032 2405 1063 2469 ἃ

223 2503 315 2555 toetu
336 2512 449 2555 eorum
465 2489 675 2578 Principum,
700 2489 757 2576 qui
771 2490 811 2555 de
826 2490 984 2559 Ecclesiae
995 2489 1067 2555 uni.

225 2591 296 2643 tate
312 2584 396 2645 reete
411 2578 575 2655 sentiunt,
598 2581 700 2645 abelle
716 2578 826 2658 nolle,
851 2594 954 2662 teque
968 2578 1065 2643 idcir·

224 2689 290 2742 co,
312 2672 341 2736 dr
363 2671 612 2736 Procuratorem
636 2667 857 2745 constituere,
881 2672 912 2734 dc
928 2668 1065 2733 litterar

224 2757 361 2822 mittere
383 2758 603 2823 obedientiam
623 2778 660 2823 ac
676 2755 870 2824 fidelitatem
886 2767 984 2822 tu'am
1007 2756 1066 2822 'ei-

223 2843 301 2907 dem
323 2843 413 2908 sacro
425 2846 577 2911 Concilio
591 2844 774 2911 indicantes
788 2868 801 2925 3
823 2848 921 2934 plane
937 2859 1068 2930 cogno-

221 2927 344 2994 scimur
368 2931 459 2995 omni
482 2955 522 2997 ex
543 2949 636 3019 parte
663 2935 784 3007 fidem,
807 2940 837 3004 ἃ
862 2932 1066 3019 religionem

223 3031 314 3081 tuam
337 3061 348 3091 ,
373 3031 472 3101 teque
495 3021 526 3085 iu
554 3019 704 3086 Domino
727 3020 825 3089 valde
845 3022 1069 3092 commenda·

223 3124 298 3168 mus
313 3126 326 3183 3
349 3123 407 3168 uec
420 3105 527 3170 solum
542 3110 706 3195 egregiam
728 3110 810 3177 hauc
830 3125 923 3174 tuam
936 3107 1068 3175 uoluu-

224 3203 348 3265 tatem‚
373 3189 730 3263 seddrl’rocuratorem
743 3212 838 3263 tuum
859 3197 956 3261 uobis
972 3195 1068 3261 dile·

223 3281 308 3344 ilum
324 3277 445 3346 Filium
458 3283 603 3350 fratrem
622 3288 788 3351 Thomam
806 3284 1035 3372 supraditlum
1053 3330 1066 3363 ,

222 3367 370 3451 alioquin
386 3371 485 3434 etiam
502 3373 597 3437 nobis
611 3389 745 3458 propter
757 3374 900 3438 virtuter
920 3371 1020 3450 suat,
1034 3376 1069 3441 dt

222 3456 436 3524 excellentem
453 3457 640 3523 litterarum
662 3461 830 3526 scientiam
848 3468 1069 3526 vehementer

224 3559 374 3628 gratum,
399 3544 594 3629 litterasque
606 3564 682 3612 tuas
702 3550 863 3617 benevolo
875 3549 992 3614 animo
1005 3547 1070 3613 su·-¹

224 3634 379 3720 scipimur
394 3684 405 3716 ‚
430 3638 602 3724 quesitio
617 3636 770 3723 proxima
793 3636 941 3713 seffione,
965 3638 1069 3718 post·

954 3738 1064 3803 quarn
