2542 4350
91 482 119 557 Ι
267 472 492 545 EPISTOLAE
513 474 805 549 PONTIFICIAE·
896 482 963 562 πᾶς’

91 559 327 646 {ducatorum
349 567 481 642 miliia,
507 569 700 634 conditione
724 568 899 656 appofita‚
924 584 964 636 ut

91 653 151 737 pu
169 656 208 719 de
225 652 348 721 foedere
371 657 482 742 aliqua
506 657 675 721 dubitatio
702 660 765 722 tibi
790 660 961 732 oriretur,

91 766 112 846 ‚p
123 737 196 807 isse
210 742 306 806 nobis
323 748 465 832 pecunie
478 747 722 813 restituerentur
738 791 747 810 .
771 748 826 810 Eo
837 749 961 814 foedete

123 830 224 920 piane
249 847 317 894 ate
341 842 409 900 non'
427 850 590 922 accepto,
614 857 671 900 nec
697 835 860 921 probato;
885 857 962 901 cum

91 958 107 1009 Ι
119 931 263 1021 propter
280 923 509 989 aemulationes
532 925 740 1009 quorundam
764 945 805 988 ex
819 925 959 989 ducibus

91 1030 105 1099 p·
123 1009 221 1080 tuis,
236 1012 264 1074 ἃ
280 1009 406 1094 ingrata
419 1015 536 1080 ceteris
550 1011 776 1087 consiliabon.
795 1034 893 1077 mem.
906 1015 964 1101 (a)

91 1123 102 1189 p
125 1094 277 1164 Piscariae
295 1099 443 1166 Marchio
456 1102 612 1165 nonnulla
626 1103 744 1181 jadare
758 1102 962 1185 trae'tareque

91 1212 99 1278 5
125 1183 300 1270 eoepiss'et,
324 1208 394 1272 qua
410 1191 442 1256 in
458 1189 698 1256 detrimentum
715 1189 765 1253 tui
784 1190 886 1254 status
902 1192 959 1255 in·

91 1318 97 1365 ,
124 1274 219 1340 tendi
244 1273 465 1352 videbantur,
490 1276 612 1364 nosque
628 1277 729 1343 etiam
753 1277 812 1342 iila
827 1278 962 1343 consilia

91 1411 93 1450 ,
126 1360 366 1432 audivissemus
384 1411 395 1440 ,
419 1386 523 1449 neque
536 1369 680 1442 ,foedete
694 1368 751 1432 abe
771 1381 804 1432 te
819 1369 939 1445 renuo
950 1409 962 1441 ,

126 1453 264 1518 caremus
289 1455 421 1542 penitus
442 1453 633 1542 aspernati3
656 1470 838 1540 querentes
862 1454 966 1520 seili-

127 1556 206 1615 cet,
231 1542 253 1604 fi
277 1558 313 1608 tu
337 1546 435 1612 nobis
456 1545 599 1621 deeffea,
624 1548 707 1610 ficut
729 1551 795 1622 jann
822 1544 964 1618 deeras,

130 1632 190 1696 ubi
205 1629 367 1715 poliemus
385 1634 448 1699 niti
460 1649 559 1719 atque
575 1637 738 1699 confidere
753 1653 766 1709 ;
786 1646 895 1697 tamen
907 1653 965 1696 ne·
986 1705 989 1710 ¹

126 1737 229 1805 quea
254 1722 363 1786 verbis
387 1723 428 1785 ad
443 1725 525 1788 faeta
547 1722 676 1786 aditum
696 1719 802 1784 ullum
821 1719 968 1784 tentavi·

131 1827 208 1874 anus
222 1852 234 1883 ,
255 1810 285 1876 da
300 1810 449 1877 vincente
464 1827 556 1878 tuane
576 1811 607 1875 in
622 1831 682 1876 nos
698 1809 859 1875 duritiam
874 1829 969 1871 amo-

131 1914 261 1980 netega
290 1915 323 1965 te
348 1902 458 1964 nostro
472 1924 484 1980 ς
508 1901 717 1980 recordamur
740 1912 773 1962 te
796 1893 968 1961 admoneri

132 1985 321 2062 mandasse,
346 2003 383 2052 ut
396 1991 496 2055 duces
522 2004 601 2053 tuos
618 1988 653 2052 in
671 1988 798 2062 Itaiia,
824 2006 969 2071 quorum

134 2073 168 2138 in
190 2093 286 2138 manu
301 2097 352 2141 res
381 2092 443 2144 tue
457 2079 579 2150 edent,
603 2096 735 2141 curares
752 2078 793 2140 de
820 2091 852 2139 te
876 2075 968 2144 esses

134 2175 332 2233 contentos:
356 2185 423 2248 qun
445 2183 533 2234 certe
552 2166 663 2232 officio
692 2170 831 2255 probare
853 2164 972 2229 debui-

135 2274 211 2317 mus
239 2298 248 2327 ,
273 2256 333 2319 cue
356 2258 453 2324 nobis
481 2260 690 2323 vehementer
717 2278 799 2320 curae
822 2257 972 2341 quietem

132 2345 166 2409 da
180 2341 393 2409 stabilitatem
410 2367 519 2412 rerum
534 2364 666 2413 tuarum
682 2387 691 2409 .
715 2346 847 2411 Deinde
869 2365 973 2418 vero,

137 2434 287 2496 maximo
310 2455 385 2499 curn
405 2437 532 2524 gemitu
546 2442 576 2504 ει
598 2434 715 2502 dolote
739 2437 849 2502 nostro
870 2448 973 2516 atque
1037 2482 1040 2485 -

134 2519 245 2586 Itali-e
264 2523 396 2597 totius,
422 2546 494 2589 eum
520 2525 622 2588 iidem
651 2524 752 2588 duces
774 2524 825 2587 tui
850 2522 973 2585 statum

137 2610 324 2674 Mediolani
351 2613 593 2699 occupaviiient
617 2656 627 2686 ,
652 2627 753 2693 atque
774 2630 880 2673 arcem
904 2653 914 2682 ‚
939 2607 974 2673 in

139 2719 205 2782 qua
220 2695 408 2763 Franciscue
425 2703 531 2765 Maria
555 2700 717 2765 residebat
741 2697 976 2764 circumvalla-

139 2809 179 2855 re
205 2786 442 2864 instituissent,
466 2805 600 2863 tannen,
626 2788 811 2876 postulante
835 2805 853 2848 a
878 2784 975 2851 nobie
1029 2848 1033 2852 .

140 2878 301 2941 curam&
326 2872 536 2944 securitatem
558 2877 715 2944 adversus
740 2873 976 2961 indignitatem

141 2978 270 3029 tantam
286 2963 389 3031 Itaiiae
408 2965 579 3052 periculo,
603 2968 759 3031 omnibns
772 2966 863 3030 notis
876 2979 977 3047 atque

143 3053 271 3141 ignotis
286 3057 540 3138 flagitantibus,
565 3055 687 3141 paratis
702 3055 758 3142 qui
776 3057 978 3120 armannu-

144 3142 229 3211 xilia
251 3143 459 3222 conferrent,
483 3146 607 3212 cunetis
630 3165 732 3231 prope
746 3141 979 3208 Christianita-

145 3232 196 3297 tis
216 3230 362 3316 Regibus
384 3254 444 3298 non
466 3233 691 3299 animantibus
713 3257 726 3313 3
750 3254 823 3296 cum
845 3252 909 3296 non
926 3228 981 3296 vi⁴

144 3321 296 3386 ueremur
324 3323 411 3405 posse
434 3323 576 3389 refistere
598 3323 736 3388 monitis
761 3368 771 3397 ,
805 3320 976 3404 querelis,

148 3407 363 3499 precibusque
388 3410 550 3491 illorum3
575 3433 649 3477 cum
676 3431 735 3474 noa
755 3409 853 3473 officii
877 3407 979 3473 nostri

149 3496 299 3564 debitum
312 3539 321 3568 ‚
334 3496 632 3565 ltalincalannitae
651 3498 873 3583 &pericnlum
889 3518 983 3562 com·

150 3606 249 3653 mune
273 3602 497 3652 commoneret
522 3610 533 3665 ς
565 3603 679 3652 tamen
704 3586 896 3650 adveniente
923 3605 982 3671 per

151 3672 304 3742 condies
327 3671 388 3734 dii.
415 3672 752 3750 fii.00n1mendatore
778 3675 939 3749 Herrera,
962 3692 984 3736 a

141 3770 447 3856 agundam.
589 3784 593 3790 ’
794 3804 796 3807 -
950 3776 986 3835 te
