<?xml version="1.0" encoding="UTF-8"?>
<!DOCTYPE html PUBLIC "-//W3C//DTD XHTML 1.0 Transitional//EN"
    "http://www.w3.org/TR/xhtml1/DTD/xhtml1-transitional.dtd">
<html xmlns="http://www.w3.org/1999/xhtml" xml:lang="en" lang="en">
 <head>
  <title>
</title>
<meta http-equiv="Content-Type" content="text/html;charset=utf-8" />
  <meta name='ocr-system' content='tesseract 3.04.00' />
  <meta name='ocr-capabilities' content='ocr_page ocr_carea ocr_par ocr_line ocrx_word'/>
</head>
<body>
  <div class='ocr_page' id='page_1' title='image "./jacobisadoletie00florgoog_0227.png"; bbox 0 0 2542 4350; ppageno 0'>
   <div class='ocr_carea' id='block_1_1' title="bbox 204 423 1091 3266">
    <p class='ocr_par' dir='ltr' id='par_1_1' title="bbox 204 423 1091 3266">
     <span class='ocr_line' id='line_1_1' title="bbox 209 423 922 514; baseline 0.01 -22"><span class='ocrx_word' id='word_1_1' title='bbox 209 436 255 514; x_wconf 74' lang='lat'>&#39;3²</span> <span class='ocrx_word' id='word_1_2' title='bbox 363 424 574 502; x_wconf 78' lang='lat' dir='ltr'>JACOBI</span> <span class='ocrx_word' id='word_1_3' title='bbox 604 423 922 499; x_wconf 60' lang='lat' dir='ltr'>renotat!</span> 
     </span>
     <span class='ocr_line' id='line_1_2' title="bbox 204 516 1046 603; baseline 0.006 -20"><span class='ocrx_word' id='word_1_4' title='bbox 204 531 389 603; x_wconf 74' lang='lat' dir='ltr'>totamque</span> <span class='ocrx_word' id='word_1_5' title='bbox 413 517 506 581; x_wconf 85' lang='lat' dir='ltr'>illam</span> <span class='ocrx_word' id='word_1_6' title='bbox 533 519 670 584; x_wconf 84' lang='lat' dir='ltr'>domum</span> <span class='ocrx_word' id='word_1_7' title='bbox 695 522 725 585; x_wconf 75' lang='grc' dir='ltr'>δι</span> <span class='ocrx_word' id='word_1_8' title='bbox 750 516 926 585; x_wconf 83' lang='lat' dir='ltr'>familiam</span> <span class='ocrx_word' id='word_1_9' title='bbox 953 536 1046 595; x_wconf 87' lang='lat' dir='ltr'>,tun</span> 
     </span>
     <span class='ocr_line' id='line_1_3' title="bbox 214 604 1049 696; baseline 0.005 -24"><span class='ocrx_word' id='word_1_10' title='bbox 214 623 352 695; x_wconf 84' lang='lat' dir='ltr'>propter</span> <span class='ocrx_word' id='word_1_11' title='bbox 381 604 585 693; x_wconf 82' lang='lat' dir='ltr'>splendorem</span> <span class='ocrx_word' id='word_1_12' title='bbox 613 606 743 694; x_wconf 71' lang='lat' dir='ltr'>generis</span> <span class='ocrx_word' id='word_1_13' title='bbox 767 648 778 679; x_wconf 91' lang='lat'>,</span> <span class='ocrx_word' id='word_1_14' title='bbox 810 608 1049 696; x_wconf 75' lang='lat' dir='ltr'>hominumque</span> 
     </span>
     <span class='ocr_line' id='line_1_4' title="bbox 213 692 1079 785; baseline 0.006 -25"><span class='ocrx_word' id='word_1_15' title='bbox 213 698 399 770; x_wconf 76' lang='lat' dir='ltr'>virtutem,</span> <span class='ocrx_word' id='word_1_16' title='bbox 421 695 511 779; x_wconf 88' lang='lat' dir='ltr'>quod</span> <span class='ocrx_word' id='word_1_17' title='bbox 525 697 584 783; x_wconf 85' lang='lat' dir='ltr'>ipli</span> <span class='ocrx_word' id='word_1_18' title='bbox 607 699 692 763; x_wconf 87' lang='lat' dir='ltr'>inter</span> <span class='ocrx_word' id='word_1_19' title='bbox 711 692 846 781; x_wconf 76' lang='lat' dir='ltr'>primos</span> <span class='ocrx_word' id='word_1_20' title='bbox 868 697 984 764; x_wconf 79' lang='lat' dir='ltr'>Italiae</span> <span class='ocrx_word' id='word_1_21' title='bbox 1004 722 1049 768; x_wconf 85' lang='lat' dir='ltr'>or·</span> <span class='ocrx_word' id='word_1_22' title='bbox 1072 774 1079 785; x_wconf 48' lang='grc'><strong>,</strong></span> 
     </span>
     <span class='ocr_line' id='line_1_5' title="bbox 214 782 1076 872; baseline 0.003 -21"><span class='ocrx_word' id='word_1_23' title='bbox 214 786 391 858; x_wconf 83' lang='lat' dir='ltr'>natitlimi,</span> <span class='ocrx_word' id='word_1_24' title='bbox 414 803 450 849; x_wconf 84' lang='lat' dir='ltr'>ae</span> <span class='ocrx_word' id='word_1_25' title='bbox 469 785 501 848; x_wconf 89' lang='lat' dir='ltr'>iu</span> <span class='ocrx_word' id='word_1_26' title='bbox 531 789 627 851; x_wconf 78' lang='lat' dir='ltr'>rebus</span> <span class='ocrx_word' id='word_1_27' title='bbox 651 782 804 872; x_wconf 71' lang='lat' dir='ltr'>gerendis</span> <span class='ocrx_word' id='word_1_28' title='bbox 820 783 952 851; x_wconf 87' lang='lat' dir='ltr'>strenui</span> <span class='ocrx_word' id='word_1_29' title='bbox 977 787 1051 854; x_wconf 82' lang='lat' dir='ltr'>sem·</span> <span class='ocrx_word' id='word_1_30' title='bbox 1074 826 1076 831; x_wconf 95' lang='lat'>·</span> 
     </span>
     <span class='ocr_line' id='line_1_6' title="bbox 210 870 1054 963; baseline 0.009 -28"><span class='ocrx_word' id='word_1_31' title='bbox 210 893 273 960; x_wconf 67' lang='lat' dir='ltr'>per</span> <span class='ocrx_word' id='word_1_32' title='bbox 291 872 470 938; x_wconf 81' lang='lat' dir='ltr'>existimari</span> <span class='ocrx_word' id='word_1_33' title='bbox 485 870 584 951; x_wconf 83' lang='lat' dir='ltr'>lunt3</span> <span class='ocrx_word' id='word_1_34' title='bbox 602 891 675 939; x_wconf 87' lang='lat' dir='ltr'>rum</span> <span class='ocrx_word' id='word_1_35' title='bbox 692 892 772 939; x_wconf 84' lang='lat' dir='ltr'>vero</span> <span class='ocrx_word' id='word_1_36' title='bbox 784 872 885 954; x_wconf 87' lang='lat' dir='ltr'>quod</span> <span class='ocrx_word' id='word_1_37' title='bbox 894 894 963 939; x_wconf 85' lang='lat' dir='ltr'>nor</span> <span class='ocrx_word' id='word_1_38' title='bbox 976 875 1054 963; x_wconf 72' lang='lat' dir='ltr'>ipio!</span> 
     </span>
     <span class='ocr_line' id='line_1_7' title="bbox 214 959 1051 1039; baseline 0.001 -12"><span class='ocrx_word' id='word_1_39' title='bbox 214 960 318 1027; x_wconf 80' lang='lat' dir='ltr'>eriam</span> <span class='ocrx_word' id='word_1_40' title='bbox 343 974 418 1027; x_wconf 87' lang='lat' dir='ltr'>ante</span> <span class='ocrx_word' id='word_1_41' title='bbox 440 961 639 1027; x_wconf 80' lang='lat' dir='ltr'>constitutos</span> <span class='ocrx_word' id='word_1_42' title='bbox 666 960 699 1025; x_wconf 89' lang='lat' dir='ltr'>in</span> <span class='ocrx_word' id='word_1_43' title='bbox 732 959 932 1026; x_wconf 78' lang='lat' dir='ltr'>minoribus</span> <span class='ocrx_word' id='word_1_44' title='bbox 958 1008 971 1039; x_wconf 90' lang='lat'>,</span> <span class='ocrx_word' id='word_1_45' title='bbox 995 967 1051 1028; x_wconf 85' lang='lat' dir='ltr'>do·</span> 
     </span>
     <span class='ocr_line' id='line_1_8' title="bbox 214 1045 1069 1225; baseline -0.001 -20"><span class='ocrx_word' id='word_1_46' title='bbox 214 1047 529 1225; x_wconf 62' lang='lat' dir='ltr'>llltlzlzlztl</span> <span class='ocrx_word' id='word_1_47' title='bbox 553 1045 1069 1207; x_wconf 59' lang='lat' dir='ltr'>“talilnlll‘xsslll</span> 
     </span>
     <span class='ocr_line' id='line_1_9' title="bbox 214 1223 1055 1318; baseline 0.002 -28"><span class='ocrx_word' id='word_1_48' title='bbox 214 1225 389 1315; x_wconf 76' lang='lat' dir='ltr'>pristinum</span> <span class='ocrx_word' id='word_1_49' title='bbox 416 1266 427 1298; x_wconf 85' lang='lat'><strong>,</strong></span> <span class='ocrx_word' id='word_1_50' title='bbox 460 1224 560 1289; x_wconf 88' lang='lat' dir='ltr'>eriam</span> <span class='ocrx_word' id='word_1_51' title='bbox 590 1223 732 1290; x_wconf 76' lang='lat' dir='ltr'>affinitas</span> <span class='ocrx_word' id='word_1_52' title='bbox 758 1225 860 1289; x_wconf 78' lang='lat' dir='ltr'>nobie</span> <span class='ocrx_word' id='word_1_53' title='bbox 884 1249 965 1309; x_wconf 77' lang='lat' dir='ltr'>eum</span> <span class='ocrx_word' id='word_1_54' title='bbox 985 1229 1055 1318; x_wconf 82' lang='lat' dir='ltr'>ipfir</span> 
     </span>
     <span class='ocr_line' id='line_1_10' title="bbox 214 1313 1055 1401; baseline 0.01 -25"><span class='ocrx_word' id='word_1_55' title='bbox 214 1313 430 1384; x_wconf 77' lang='lat' dir='ltr'>Pallavicinia</span> <span class='ocrx_word' id='word_1_56' title='bbox 455 1336 509 1401; x_wconf 88' lang='lat' dir='ltr'>per</span> <span class='ocrx_word' id='word_1_57' title='bbox 533 1315 661 1380; x_wconf 74' lang='lat' dir='ltr'>nostroe</span> <span class='ocrx_word' id='word_1_58' title='bbox 677 1313 959 1388; x_wconf 61' lang='lat' dir='ltr'>coniuutIillimos</span> <span class='ocrx_word' id='word_1_59' title='bbox 986 1341 1055 1383; x_wconf 85' lang='lat' dir='ltr'>ton·</span> 
     </span>
     <span class='ocr_line' id='line_1_11' title="bbox 214 1403 1055 1489; baseline 0.001 -18"><span class='ocrx_word' id='word_1_60' title='bbox 214 1405 321 1471; x_wconf 69' lang='lat' dir='ltr'>traila</span> <span class='ocrx_word' id='word_1_61' title='bbox 341 1448 352 1481; x_wconf 92' lang='lat'>,</span> <span class='ocrx_word' id='word_1_62' title='bbox 375 1403 464 1489; x_wconf 87' lang='lat' dir='ltr'>quod</span> <span class='ocrx_word' id='word_1_63' title='bbox 490 1403 662 1467; x_wconf 85' lang='lat' dir='ltr'>vinculum</span> <span class='ocrx_word' id='word_1_64' title='bbox 691 1403 935 1468; x_wconf 73' lang='lat' dir='ltr'>benevolentior</span> <span class='ocrx_word' id='word_1_65' title='bbox 963 1409 1055 1473; x_wconf 85' lang='lat' dir='ltr'>etiam</span> 
     </span>
     <span class='ocr_line' id='line_1_12' title="bbox 215 1489 1055 1581; baseline 0.002 -23"><span class='ocrx_word' id='word_1_66' title='bbox 215 1490 341 1559; x_wconf 77' lang='lat' dir='ltr'>alienae</span> <span class='ocrx_word' id='word_1_67' title='bbox 355 1492 546 1558; x_wconf 80' lang='lat' dir='ltr'>voluntates</span> <span class='ocrx_word' id='word_1_68' title='bbox 573 1489 749 1558; x_wconf 83' lang='lat' dir='ltr'>conciliare</span> <span class='ocrx_word' id='word_1_69' title='bbox 768 1491 810 1553; x_wconf 87' lang='lat' dir='ltr'>ad</span> <span class='ocrx_word' id='word_1_70' title='bbox 834 1493 1055 1581; x_wconf 84' lang='lat' dir='ltr'>conspiratio·</span> 
     </span>
     <span class='ocr_line' id='line_1_13' title="bbox 217 1576 1054 1662; baseline 0 -15"><span class='ocrx_word' id='word_1_71' title='bbox 217 1601 293 1647; x_wconf 87' lang='lat' dir='ltr'>nem</span> <span class='ocrx_word' id='word_1_72' title='bbox 319 1582 442 1647; x_wconf 75' lang='lat' dir='ltr'>amorio</span> <span class='ocrx_word' id='word_1_73' title='bbox 469 1595 568 1662; x_wconf 87' lang='lat' dir='ltr'>atque</span> <span class='ocrx_word' id='word_1_74' title='bbox 594 1578 747 1644; x_wconf 80' lang='lat' dir='ltr'>amicitia</span> <span class='ocrx_word' id='word_1_75' title='bbox 768 1576 895 1655; x_wconf 87' lang='lat' dir='ltr'>soler,</span> <span class='ocrx_word' id='word_1_76' title='bbox 931 1600 1054 1650; x_wconf 75' lang='lat' dir='ltr'>veteres</span> 
     </span>
     <span class='ocr_line' id='line_1_14' title="bbox 215 1666 1054 1758; baseline 0.004 -24"><span class='ocrx_word' id='word_1_77' title='bbox 215 1684 329 1737; x_wconf 83' lang='lat' dir='ltr'>autem</span> <span class='ocrx_word' id='word_1_78' title='bbox 356 1669 519 1737; x_wconf 79' lang='lat' dir='ltr'>amicitias</span> <span class='ocrx_word' id='word_1_79' title='bbox 534 1670 668 1734; x_wconf 71' lang='lat' dir='ltr'>meliore</span> <span class='ocrx_word' id='word_1_80' title='bbox 685 1667 776 1732; x_wconf 89' lang='lat' dir='ltr'>nodo</span> <span class='ocrx_word' id='word_1_81' title='bbox 800 1666 1054 1758; x_wconf 60' lang='lat' dir='ltr'>adstringere...</span> 
     </span>
     <span class='ocr_line' id='line_1_15' title="bbox 219 1754 1053 1856; baseline 0.002 -33"><span class='ocrx_word' id='word_1_82' title='bbox 219 1759 333 1856; x_wconf 81' lang='lat' dir='ltr'>Qare</span> <span class='ocrx_word' id='word_1_83' title='bbox 344 1760 392 1836; x_wconf 82' lang='lat' dir='ltr'>,ir</span> <span class='ocrx_word' id='word_1_84' title='bbox 409 1763 453 1824; x_wconf 76' lang='lat' dir='ltr'>lte</span> <span class='ocrx_word' id='word_1_85' title='bbox 470 1756 568 1824; x_wconf 75' lang='lat' dir='ltr'>causa</span> <span class='ocrx_word' id='word_1_86' title='bbox 583 1756 756 1845; x_wconf 74' lang='lat' dir='ltr'>graverad</span> <span class='ocrx_word' id='word_1_87' title='bbox 772 1754 854 1819; x_wconf 85' lang='lat' dir='ltr'>illos</span> <span class='ocrx_word' id='word_1_88' title='bbox 871 1757 1053 1836; x_wconf 76' lang='lat' dir='ltr'>fovendos,</span> 
     </span>
     <span class='ocr_line' id='line_1_16' title="bbox 217 1844 1056 1938; baseline -0.002 -20"><span class='ocrx_word' id='word_1_89' title='bbox 217 1853 249 1918; x_wconf 71' lang='grc' dir='ltr'>ἃ</span> <span class='ocrx_word' id='word_1_90' title='bbox 270 1849 399 1916; x_wconf 84' lang='lat' dir='ltr'>anobir</span> <span class='ocrx_word' id='word_1_91' title='bbox 413 1849 518 1915; x_wconf 87' lang='lat' dir='ltr'>nostra</span> <span class='ocrx_word' id='word_1_92' title='bbox 540 1868 623 1936; x_wconf 89' lang='lat' dir='ltr'>ope,</span> <span class='ocrx_word' id='word_1_93' title='bbox 648 1866 685 1913; x_wconf 89' lang='lat' dir='ltr'>ac</span> <span class='ocrx_word' id='word_1_94' title='bbox 699 1844 889 1932; x_wconf 86' lang='lat' dir='ltr'>patrocinio</span> <span class='ocrx_word' id='word_1_95' title='bbox 910 1851 1056 1938; x_wconf 84' lang='lat' dir='ltr'>comple·</span> 
     </span>
     <span class='ocr_line' id='line_1_17' title="bbox 216 1933 1054 2025; baseline 0.002 -23"><span class='ocrx_word' id='word_1_96' title='bbox 216 1939 352 2004; x_wconf 66' lang='lat' dir='ltr'>&amp;endor</span> <span class='ocrx_word' id='word_1_97' title='bbox 372 1952 434 2004; x_wconf 76' lang='lat' dir='ltr'>tuo</span> <span class='ocrx_word' id='word_1_98' title='bbox 458 1935 750 2025; x_wconf 64' lang='lat' dir='ltr'>Circumspeilioai</span> <span class='ocrx_word' id='word_1_99' title='bbox 775 1933 885 1999; x_wconf 82' lang='lat' dir='ltr'>videri</span> <span class='ocrx_word' id='word_1_100' title='bbox 912 1938 1054 2015; x_wconf 86' lang='lat' dir='ltr'>debent,</span> 
     </span>
     <span class='ocr_line' id='line_1_18' title="bbox 218 2020 1051 2116; baseline 0.002 -27"><span class='ocrx_word' id='word_1_101' title='bbox 218 2041 316 2114; x_wconf 83' lang='lat' dir='ltr'>potes</span> <span class='ocrx_word' id='word_1_102' title='bbox 330 2028 428 2092; x_wconf 84' lang='lat' dir='ltr'>etiam</span> <span class='ocrx_word' id='word_1_103' title='bbox 441 2025 650 2104; x_wconf 83' lang='lat' dir='ltr'>existimare,</span> <span class='ocrx_word' id='word_1_104' title='bbox 674 2045 742 2108; x_wconf 88' lang='lat' dir='ltr'>quo</span> <span class='ocrx_word' id='word_1_105' title='bbox 753 2020 855 2088; x_wconf 80' lang='lat' dir='ltr'>animi</span> <span class='ocrx_word' id='word_1_106' title='bbox 869 2024 983 2091; x_wconf 81' lang='lat' dir='ltr'>lindio</span> <span class='ocrx_word' id='word_1_107' title='bbox 995 2053 1051 2116; x_wconf 82' lang='lat' dir='ltr'>pe·</span> 
     </span>
     <span class='ocr_line' id='line_1_19' title="bbox 217 2112 1057 2191; baseline -0.005 -10"><span class='ocrx_word' id='word_1_108' title='bbox 217 2129 289 2183; x_wconf 85' lang='lat' dir='ltr'>tere</span> <span class='ocrx_word' id='word_1_109' title='bbox 313 2137 330 2181; x_wconf 88' lang='lat' dir='ltr'>a</span> <span class='ocrx_word' id='word_1_110' title='bbox 346 2131 378 2181; x_wconf 88' lang='lat' dir='ltr'>te</span> <span class='ocrx_word' id='word_1_111' title='bbox 392 2115 653 2191; x_wconf 84' lang='lat' dir='ltr'>instituerimus,</span> <span class='ocrx_word' id='word_1_112' title='bbox 677 2127 715 2179; x_wconf 90' lang='lat' dir='ltr'>ut</span> <span class='ocrx_word' id='word_1_113' title='bbox 727 2112 812 2177; x_wconf 72' lang='lat' dir='ltr'>illos</span> <span class='ocrx_word' id='word_1_114' title='bbox 826 2115 988 2183; x_wconf 82' lang='lat' dir='ltr'>omnibus</span> <span class='ocrx_word' id='word_1_115' title='bbox 1001 2139 1057 2184; x_wconf 84' lang='lat' dir='ltr'>eo.</span> 
     </span>
     <span class='ocr_line' id='line_1_20' title="bbox 218 2201 1056 2291; baseline -0.002 -18"><span class='ocrx_word' id='word_1_116' title='bbox 218 2226 293 2273; x_wconf 78' lang='lat' dir='ltr'>rum</span> <span class='ocrx_word' id='word_1_117' title='bbox 318 2206 351 2271; x_wconf 89' lang='lat' dir='ltr'>iu</span> <span class='ocrx_word' id='word_1_118' title='bbox 367 2207 487 2280; x_wconf 78' lang='lat' dir='ltr'>rebus,</span> <span class='ocrx_word' id='word_1_119' title='bbox 512 2224 549 2270; x_wconf 85' lang='lat' dir='ltr'>ae</span> <span class='ocrx_word' id='word_1_120' title='bbox 574 2201 742 2291; x_wconf 84' lang='lat' dir='ltr'>negotiis,</span> <span class='ocrx_word' id='word_1_121' title='bbox 766 2222 836 2287; x_wconf 77' lang='lat' dir='ltr'>quar</span> <span class='ocrx_word' id='word_1_122' title='bbox 862 2223 928 2271; x_wconf 88' lang='lat' dir='ltr'>non</span> <span class='ocrx_word' id='word_1_123' title='bbox 955 2208 1056 2273; x_wconf 87' lang='lat' dir='ltr'>modo</span> 
     </span>
     <span class='ocr_line' id='line_1_21' title="bbox 217 2291 1057 2371; baseline 0.004 -14"><span class='ocrx_word' id='word_1_124' title='bbox 217 2293 431 2357; x_wconf 87' lang='lat' dir='ltr'>commodum</span> <span class='ocrx_word' id='word_1_125' title='bbox 445 2292 579 2360; x_wconf 88' lang='lat' dir='ltr'>illorum</span> <span class='ocrx_word' id='word_1_126' title='bbox 597 2339 607 2369; x_wconf 89' lang='lat'>‚</span> <span class='ocrx_word' id='word_1_127' title='bbox 633 2291 687 2359; x_wconf 82' lang='lat' dir='ltr'>sed</span> <span class='ocrx_word' id='word_1_128' title='bbox 704 2291 903 2359; x_wconf 84' lang='lat' dir='ltr'>honestatem</span> <span class='ocrx_word' id='word_1_129' title='bbox 924 2296 1057 2371; x_wconf 78' lang='lat' dir='ltr'>etiam,</span> 
     </span>
     <span class='ocr_line' id='line_1_22' title="bbox 218 2378 1058 2467; baseline 0.01 -24"><span class='ocrx_word' id='word_1_130' title='bbox 218 2378 483 2467; x_wconf 82' lang='lat' dir='ltr'>dignitatemque</span> <span class='ocrx_word' id='word_1_131' title='bbox 498 2382 631 2448; x_wconf 77' lang='lat' dir='ltr'>familia</span> <span class='ocrx_word' id='word_1_132' title='bbox 644 2383 833 2467; x_wconf 85' lang='lat' dir='ltr'>attingant,</span> <span class='ocrx_word' id='word_1_133' title='bbox 856 2383 981 2449; x_wconf 76' lang='lat' dir='ltr'>habere</span> <span class='ocrx_word' id='word_1_134' title='bbox 997 2407 1058 2450; x_wconf 85' lang='lat' dir='ltr'>ve·</span> 
     </span>
     <span class='ocr_line' id='line_1_23' title="bbox 217 2467 1057 2563; baseline 0.004 -30"><span class='ocrx_word' id='word_1_135' title='bbox 217 2467 263 2533; x_wconf 85' lang='lat' dir='ltr'>lis</span> <span class='ocrx_word' id='word_1_136' title='bbox 279 2472 634 2537; x_wconf 83' lang='lat' dir='ltr'>commendatislimor.</span> <span class='ocrx_word' id='word_1_137' title='bbox 658 2472 786 2563; x_wconf 79' lang='lat' dir='ltr'>Qod,</span> <span class='ocrx_word' id='word_1_138' title='bbox 810 2484 847 2533; x_wconf 88' lang='lat' dir='ltr'>ut</span> <span class='ocrx_word' id='word_1_139' title='bbox 873 2470 973 2537; x_wconf 83' lang='lat' dir='ltr'>nobis</span> <span class='ocrx_word' id='word_1_140' title='bbox 994 2493 1057 2561; x_wconf 86' lang='lat' dir='ltr'>po.</span> 
     </span>
     <span class='ocr_line' id='line_1_24' title="bbox 217 2556 1057 2640; baseline 0.007 -19"><span class='ocrx_word' id='word_1_141' title='bbox 217 2556 417 2624; x_wconf 81' lang='lat' dir='ltr'>stulautibur</span> <span class='ocrx_word' id='word_1_142' title='bbox 443 2559 558 2626; x_wconf 87' lang='lat' dir='ltr'>sedulo</span> <span class='ocrx_word' id='word_1_143' title='bbox 576 2581 612 2625; x_wconf 86' lang='lat' dir='ltr'>ao</span> <span class='ocrx_word' id='word_1_144' title='bbox 635 2561 772 2627; x_wconf 84' lang='lat' dir='ltr'>libenter</span> <span class='ocrx_word' id='word_1_145' title='bbox 796 2557 925 2624; x_wconf 75' lang='lat' dir='ltr'>tribuae</span> <span class='ocrx_word' id='word_1_146' title='bbox 939 2606 953 2640; x_wconf 88' lang='lat'>,</span> <span class='ocrx_word' id='word_1_147' title='bbox 977 2582 1057 2629; x_wconf 83' lang='lat' dir='ltr'>con·</span> 
     </span>
     <span class='ocr_line' id='line_1_25' title="bbox 216 2648 1054 2735; baseline 0.004 -22"><span class='ocrx_word' id='word_1_148' title='bbox 216 2648 374 2721; x_wconf 78' lang='lat' dir='ltr'>fidimus,</span> <span class='ocrx_word' id='word_1_149' title='bbox 400 2669 461 2713; x_wconf 82' lang='lat' dir='ltr'>nor</span> <span class='ocrx_word' id='word_1_150' title='bbox 478 2649 611 2734; x_wconf 88' lang='lat' dir='ltr'>quidem</span> <span class='ocrx_word' id='word_1_151' title='bbox 625 2650 656 2713; x_wconf 91' lang='lat' dir='ltr'>in</span> <span class='ocrx_word' id='word_1_152' title='bbox 671 2668 727 2715; x_wconf 89' lang='lat' dir='ltr'>tua</span> <span class='ocrx_word' id='word_1_153' title='bbox 743 2649 872 2735; x_wconf 82' lang='lat' dir='ltr'>egregia</span> <span class='ocrx_word' id='word_1_154' title='bbox 895 2669 974 2735; x_wconf 86' lang='lat' dir='ltr'>erga</span> <span class='ocrx_word' id='word_1_155' title='bbox 992 2671 1054 2716; x_wconf 76' lang='lat' dir='ltr'>noa</span> 
     </span>
     <span class='ocr_line' id='line_1_26' title="bbox 216 2735 1058 2825; baseline -0.002 -24"><span class='ocrx_word' id='word_1_156' title='bbox 216 2738 374 2804; x_wconf 75' lang='lat' dir='ltr'>maximis</span> <span class='ocrx_word' id='word_1_157' title='bbox 395 2739 425 2801; x_wconf 92' lang='lat' dir='ltr'>in</span> <span class='ocrx_word' id='word_1_158' title='bbox 446 2742 541 2805; x_wconf 78' lang='lat' dir='ltr'>rebus</span> <span class='ocrx_word' id='word_1_159' title='bbox 562 2735 728 2825; x_wconf 67' lang='lat' dir='ltr'>perspetia</span> <span class='ocrx_word' id='word_1_160' title='bbox 749 2735 924 2803; x_wconf 85' lang='lat' dir='ltr'>voluntate</span> <span class='ocrx_word' id='word_1_161' title='bbox 950 2739 1058 2803; x_wconf 84' lang='lat' dir='ltr'>meri.-</span> 
     </span>
     <span class='ocr_line' id='line_1_27' title="bbox 217 2825 1077 2912; baseline -0.005 -21"><span class='ocrx_word' id='word_1_162' title='bbox 217 2825 328 2910; x_wconf 84' lang='lat' dir='ltr'>tisque</span> <span class='ocrx_word' id='word_1_163' title='bbox 350 2825 566 2909; x_wconf 83' lang='lat' dir='ltr'>fingularibus</span> <span class='ocrx_word' id='word_1_164' title='bbox 589 2870 601 2901; x_wconf 89' lang='lat'>,</span> <span class='ocrx_word' id='word_1_165' title='bbox 624 2848 695 2911; x_wconf 84' lang='lat' dir='ltr'>quar</span> <span class='ocrx_word' id='word_1_166' title='bbox 721 2839 757 2890; x_wconf 86' lang='lat' dir='ltr'>tu</span> <span class='ocrx_word' id='word_1_167' title='bbox 783 2847 845 2912; x_wconf 82' lang='lat' dir='ltr'>pro</span> <span class='ocrx_word' id='word_1_168' title='bbox 872 2826 923 2890; x_wconf 91' lang='lat' dir='ltr'>rui</span> <span class='ocrx_word' id='word_1_169' title='bbox 947 2827 1077 2894; x_wconf 89' lang='lat' dir='ltr'>animi.</span> 
     </span>
     <span class='ocr_line' id='line_1_28' title="bbox 220 2912 1091 3001; baseline 0.002 -22"><span class='ocrx_word' id='word_1_170' title='bbox 220 2914 370 2986; x_wconf 85' lang='lat' dir='ltr'>uirtute,</span> <span class='ocrx_word' id='word_1_171' title='bbox 394 2930 494 2997; x_wconf 88' lang='lat' dir='ltr'>arque</span> <span class='ocrx_word' id='word_1_172' title='bbox 510 2916 689 2981; x_wconf 82' lang='lat' dir='ltr'>constantia</span> <span class='ocrx_word' id='word_1_173' title='bbox 704 2912 789 2983; x_wconf 83' lang='lat' dir='ltr'>velle</span> <span class='ocrx_word' id='word_1_174' title='bbox 807 2935 924 3001; x_wconf 86' lang='lat' dir='ltr'>augere</span> <span class='ocrx_word' id='word_1_175' title='bbox 937 2916 1057 2999; x_wconf 90' lang='lat' dir='ltr'>quoti·</span> <span class='ocrx_word' id='word_1_176' title='bbox 1089 2913 1091 2917; x_wconf 71' lang='grc'><strong>’</strong></span> 
     </span>
     <span class='ocr_line' id='line_1_29' title="bbox 221 3001 1059 3089; baseline 0.008 -26"><span class='ocrx_word' id='word_1_177' title='bbox 221 3001 275 3065; x_wconf 89' lang='lat' dir='ltr'>die</span> <span class='ocrx_word' id='word_1_178' title='bbox 296 3002 396 3065; x_wconf 80' lang='lat' dir='ltr'>debes</span> <span class='ocrx_word' id='word_1_179' title='bbox 409 3025 422 3079; x_wconf 77' lang='lat'><em>3</em></span> <span class='ocrx_word' id='word_1_180' title='bbox 447 3001 502 3068; x_wconf 88' lang='lat' dir='ltr'>sed</span> <span class='ocrx_word' id='word_1_181' title='bbox 516 3022 625 3070; x_wconf 86' lang='lat' dir='ltr'>tamen</span> <span class='ocrx_word' id='word_1_182' title='bbox 639 3002 836 3070; x_wconf 86' lang='lat' dir='ltr'>arbitramur</span> <span class='ocrx_word' id='word_1_183' title='bbox 849 3003 1059 3089; x_wconf 82' lang='lat' dir='ltr'>amplitudi-</span> 
     </span>
     <span class='ocr_line' id='line_1_30' title="bbox 217 3090 1057 3173; baseline 0.006 -16"><span class='ocrx_word' id='word_1_184' title='bbox 217 3090 251 3157; x_wconf 84' lang='lat' dir='ltr'>ni</span> <span class='ocrx_word' id='word_1_185' title='bbox 269 3110 401 3173; x_wconf 89' lang='lat' dir='ltr'>quoque</span> <span class='ocrx_word' id='word_1_186' title='bbox 428 3108 490 3157; x_wconf 81' lang='lat' dir='ltr'>ruae</span> <span class='ocrx_word' id='word_1_187' title='bbox 515 3093 716 3167; x_wconf 87' lang='lat' dir='ltr'>convenire,</span> <span class='ocrx_word' id='word_1_188' title='bbox 740 3094 857 3158; x_wconf 87' lang='lat' dir='ltr'>habere</span> <span class='ocrx_word' id='word_1_189' title='bbox 880 3090 913 3155; x_wconf 94' lang='lat' dir='ltr'>in</span> <span class='ocrx_word' id='word_1_190' title='bbox 937 3093 1001 3159; x_wconf 88' lang='lat' dir='ltr'>lide</span> <span class='ocrx_word' id='word_1_191' title='bbox 1025 3097 1057 3162; x_wconf 76' lang='lat' dir='ltr'>St</span> 
     </span>
     <span class='ocr_line' id='line_1_31' title="bbox 220 3175 1057 3266; baseline 0.006 -24"><span class='ocrx_word' id='word_1_192' title='bbox 220 3175 374 3243; x_wconf 85' lang='lat' dir='ltr'>clientela</span> <span class='ocrx_word' id='word_1_193' title='bbox 398 3193 464 3243; x_wconf 91' lang='lat' dir='ltr'>tam</span> <span class='ocrx_word' id='word_1_194' title='bbox 481 3178 644 3245; x_wconf 85' lang='lat' dir='ltr'>illustrem</span> <span class='ocrx_word' id='word_1_195' title='bbox 659 3178 822 3244; x_wconf 88' lang='lat' dir='ltr'>familiam</span> <span class='ocrx_word' id='word_1_196' title='bbox 839 3224 850 3254; x_wconf 84' lang='lat'>,</span> <span class='ocrx_word' id='word_1_197' title='bbox 872 3200 945 3263; x_wconf 74' lang='lat' dir='ltr'>qua</span> <span class='ocrx_word' id='word_1_198' title='bbox 960 3181 1057 3266; x_wconf 88' lang='lat' dir='ltr'>quali</span> 
     </span>
    </p>
   </div>
   <div class='ocr_carea' id='block_1_2' title="bbox 217 3266 1087 3776">
    <p class='ocr_par' dir='ltr' id='par_1_2' title="bbox 220 3266 1059 3356">
     <span class='ocr_line' id='line_1_32' title="bbox 220 3266 1059 3356; baseline 0.013 -30"><span class='ocrx_word' id='word_1_199' title='bbox 220 3266 331 3328; x_wconf 80' lang='lat' dir='ltr'>studio</span> <span class='ocrx_word' id='word_1_200' title='bbox 354 3284 386 3331; x_wconf 87' lang='lat' dir='ltr'>te</span> <span class='ocrx_word' id='word_1_201' title='bbox 409 3269 467 3332; x_wconf 87' lang='lat' dir='ltr'>srbi</span> <span class='ocrx_word' id='word_1_202' title='bbox 492 3268 703 3356; x_wconf 84' lang='lat' dir='ltr'>propitium,</span> <span class='ocrx_word' id='word_1_203' title='bbox 727 3271 1059 3356; x_wconf 77' lang='lat' dir='ltr'>&amp;propugnatorem</span> 
     </span>
    </p>

    <p class='ocr_par' dir='ltr' id='par_1_3' title="bbox 218 3355 1059 3443">
     <span class='ocr_line' id='line_1_33' title="bbox 218 3355 1059 3443; baseline 0.01 -26"><span class='ocrx_word' id='word_1_204' title='bbox 218 3355 379 3439; x_wconf 84' lang='lat' dir='ltr'>adoptat,</span> <span class='ocrx_word' id='word_1_205' title='bbox 405 3358 466 3422; x_wconf 87' lang='lat' dir='ltr'>tali</span> <span class='ocrx_word' id='word_1_206' title='bbox 479 3358 590 3423; x_wconf 87' lang='lat' dir='ltr'>animo</span> <span class='ocrx_word' id='word_1_207' title='bbox 610 3356 700 3435; x_wconf 83' lang='lat' dir='ltr'>sese,</span> <span class='ocrx_word' id='word_1_208' title='bbox 724 3381 835 3443; x_wconf 80' lang='lat' dir='ltr'>opus,</span> <span class='ocrx_word' id='word_1_209' title='bbox 858 3359 972 3434; x_wconf 80' lang='lat' dir='ltr'>vires,</span> <span class='ocrx_word' id='word_1_210' title='bbox 996 3380 1059 3425; x_wconf 90' lang='lat' dir='ltr'>or·</span> 
     </span>
    </p>

    <p class='ocr_par' dir='ltr' id='par_1_4' title="bbox 217 3446 1087 3534">
     <span class='ocr_line' id='line_1_34' title="bbox 217 3446 1087 3534; baseline 0.003 -25"><span class='ocrx_word' id='word_1_211' title='bbox 217 3459 435 3528; x_wconf 85' lang='lat' dir='ltr'>uamentaque</span> <span class='ocrx_word' id='word_1_212' title='bbox 459 3446 513 3514; x_wconf 85' lang='lat' dir='ltr'>lua</span> <span class='ocrx_word' id='word_1_213' title='bbox 539 3448 651 3512; x_wconf 90' lang='lat' dir='ltr'>omnia</span> <span class='ocrx_word' id='word_1_214' title='bbox 673 3461 741 3511; x_wconf 87' lang='lat' dir='ltr'>tam</span> <span class='ocrx_word' id='word_1_215' title='bbox 766 3447 940 3533; x_wconf 76' lang='lat' dir='ltr'>dignitatis</span> <span class='ocrx_word' id='word_1_216' title='bbox 955 3467 1058 3534; x_wconf 91' lang='lat' dir='ltr'>quarn</span> <span class='ocrx_word' id='word_1_217' title='bbox 1083 3470 1087 3474; x_wconf 70' lang='grc'><em>’</em></span> 
     </span>
    </p>

    <p class='ocr_par' dir='ltr' id='par_1_5' title="bbox 223 3530 1061 3624">
     <span class='ocr_line' id='line_1_35' title="bbox 223 3530 1061 3624; baseline 0.002 -27"><span class='ocrx_word' id='word_1_218' title='bbox 223 3530 358 3597; x_wconf 79' lang='lat' dir='ltr'>fortunae</span> <span class='ocrx_word' id='word_1_219' title='bbox 379 3536 446 3600; x_wconf 84' lang='lat' dir='ltr'>tuir</span> <span class='ocrx_word' id='word_1_220' title='bbox 467 3535 645 3603; x_wconf 82' lang='lat' dir='ltr'>honoribus</span> <span class='ocrx_word' id='word_1_221' title='bbox 662 3538 871 3613; x_wconf 85' lang='lat' dir='ltr'>commodis,</span> <span class='ocrx_word' id='word_1_222' title='bbox 895 3536 1061 3624; x_wconf 84' lang='lat' dir='ltr'>tempori·</span> 
     </span>
    </p>

    <p class='ocr_par' dir='ltr' id='par_1_6' title="bbox 221 3620 1055 3776">
     <span class='ocr_line' id='line_1_36' title="bbox 221 3620 1055 3720; baseline 0.006 -34"><span class='ocrx_word' id='word_1_223' title='bbox 221 3620 282 3690; x_wconf 84' lang='lat' dir='ltr'>bur</span> <span class='ocrx_word' id='word_1_224' title='bbox 302 3622 425 3720; x_wconf 81' lang='lat' dir='ltr'>offert,¹</span> <span class='ocrx_word' id='word_1_225' title='bbox 449 3648 487 3696; x_wconf 84' lang='lat' dir='ltr'>ae</span> <span class='ocrx_word' id='word_1_226' title='bbox 511 3622 718 3719; x_wconf 56' lang='lat' dir='ltr'>pollicetur!</span> <span class='ocrx_word' id='word_1_227' title='bbox 740 3627 812 3694; x_wconf 84' lang='lat' dir='ltr'>Nor</span> <span class='ocrx_word' id='word_1_228' title='bbox 839 3624 972 3714; x_wconf 82' lang='lat' dir='ltr'>quidem</span> <span class='ocrx_word' id='word_1_229' title='bbox 995 3621 1055 3703; x_wconf 83' lang='lat' dir='ltr'>qui</span> 
     </span>
     <span class='ocr_line' id='line_1_37' title="bbox 729 3718 1051 3776; baseline -0.003 -2"><span class='ocrx_word' id='word_1_230' title='bbox 729 3718 740 3725; x_wconf 85' lang='grc'><strong><em>”</em></strong></span> <span class='ocrx_word' id='word_1_231' title='bbox 958 3724 1051 3776; x_wconf 83' lang='lat' dir='ltr'>tuam</span> 
     </span>
    </p>
   </div>
   <div class='ocr_carea' id='block_1_3' title="bbox 0 0 1288 4350">
    <p class='ocr_par' dir='ltr' id='par_1_7' title="bbox 0 0 1288 4350">
     <span class='ocr_line' id='line_1_38' title="bbox 0 0 1288 4350; baseline 0 0"><span class='ocrx_word' id='word_1_232' title='bbox 0 0 1288 4350; x_wconf 95' lang='lat' dir='ltr'> </span> 
     </span>
    </p>
   </div>
  </div>
 </body>
</html>
