2542 4350
151 460 158 467 ·
282 449 325 516 rr
433 422 635 520 rncour
670 441 967 511 renonent

282 541 370 604 aare
381 533 466 602 iuter
475 535 586 607 nom&
598 530 810 596 chariffim'um
823 530 858 596 iu
867 531 1002 597 Christo
1015 529 1124 598 filium

281 626 431 692 nostrum
440 622 597 690 Carnium
610 622 732 706 Regem
742 618 956 685 Catholicum
973 619 1127 686 distinere

285 713 415 781 tamdiu
439 713 571 784 vellet,
595 709 708 794 quoad
728 708 770 774 ab
792 704 866 796 ipso
893 711 982 794 Rege
1004 710 1125 779 debitat

283 803 510 890 prorifiouen,
536 819 606 885 quae
622 798 693 865 cito
713 810 858 862 venture
877 797 1003 873 essent,
1028 797 1073 862 ad
1096 813 1126 862 te

282 890 457 958 venirent.
482 889 577 954 Nunc
591 891 655 954 hoc
672 885 776 971 magis
789 885 879 952 idem
888 887 931 951 ad
946 900 1044 952 tuam
1055 889 1129 954 No·

283 975 453 1042 biiitatem
464 976 677 1065 repetendum
688 973 849 1041 duximus
861 1018 874 1052 ,
893 987 935 1042 ut
948 988 1050 1041 tanto
1062 974 1128 1043 stu·

281 1064 432 1141 diutino,
455 1084 492 1130 ae
507 1063 646 1132 celerius
662 1065 859 1140 Mitteret,
883 1064 977 1150 quod
992 1084 1055 1129 non
1069 1081 1126 1151 per

281 1150 366 1219 aliar
381 1154 481 1219 hodie
497 1153 631 1221 litteras
646 1152 783 1242 praefato
796 1153 877 1240 Regi
890 1154 1104 1219 concedimur
1113 1192 1126 1224 ,

232 1319 235 1323 y
286 1257 325 1308 ut
339 1242 378 1307 de
390 1242 538 1330 pecuniis
551 1265 591 1307 ex
614 1241 720 1308 sautia
732 1241 887 1308 cruciata
900 1237 1128 1329 provenienti-

287 1334 351 1397 bus
367 1330 524 1417 stipendia
538 1329 609 1396 illis
624 1332 753 1398 tradere
764 1330 892 1416 posset,
913 1335 944 1399 dr
961 1349 1026 1416 pro
1038 1348 1129 1394 com·

285 1420 379 1484 muni
391 1419 494 1486 Italia
505 1415 611 1485 salute
624 1421 759 1484 deberet
774 1463 784 1484 .
797 1420 909 1510 Quare
921 1438 998 1484 cum
1016 1415 1128 1484 rideat

285 1507 472 1595 propinqua
485 1505 636 1573 celeriter
657 1508 722 1573 tibi
746 1526 863 1594 parata
885 1507 947 1574 effe
963 1503 1128 1577 subfidia,

286 1613 326 1660 ac
339 1596 498 1685 stipendia
517 1596 618 1663 etiam
634 1640 647 1673 ,
670 1595 791 1680 siquid
816 1595 942 1662 interea
960 1594 1130 1683 oppigno-

286 1686 352 1749 rari
366 1699 534 1772 oporteret
546 1726 558 1761 ,
568 1686 703 1771 quando
716 1684 751 1748 id
764 1683 833 1750 eito
847 1683 965 1755 redimi
978 1682 1105 1772 poterit
1118 1703 1131 1763 ς
1174 1746 1177 1755 ,

287 1787 328 1836 ut
348 1774 383 1838 id
401 1775 522 1842 faterer
547 1776 756 1863 pecuniaeque
770 1772 979 1861 aliquantum
994 1792 1131 1859 quoquo

289 1863 394 1928 modo
420 1860 559 1952 reperire
590 1882 657 1927 non
682 1863 846 1939 ceffaree,
881 1865 1129 1937 hortabamur3

288 1951 573 2033 quemadmodum
598 1951 641 2013 ad
657 1948 879 2038 Nobilitatem
906 1966 1000 2017 tuam
1028 1950 1131 2014 latius

290 2038 403 2105 niteo.
423 2040 471 2104 fil.
495 2043 531 2104 f.
541 2039 577 2103 Ρ.
592 2041 634 2105 E·
661 2037 883 2125 Syracusanus
908 2038 1052 2121 eiusdem
1064 2040 1132 2104 Ca·

291 2127 424 2193 thoiicae
435 2126 614 2209 Maiestatis
628 2130 716 2213 apud
726 2147 786 2193 noa
797 2126 923 2209 Orator
937 2126 1129 2218 perscribett

292 2215 347 2278 eui
359 2218 479 2289 fidem,
502 2216 602 2280 etiam
618 2218 711 2300 quqd
723 2216 764 2279 ad
778 2237 840 2283 nos
849 2218 993 2306 pertinet
1007 2261 1020 2295 ‚
1033 2216 1132 2300 adhiq

292 2300 407 2368 bebio.
431 2308 560 2369 Datum
576 2304 705 2371 Viterb.
726 2325 822 2389 ¹5¹7·

381 2394 449 2458 Leo
464 2393 505 2460 X.
842 2396 1044 2463 Sadoletur.

294 2598 352 2666 LI.
552 2602 591 2667 P.
627 2602 870 2672 Torone.

388 2746 581 2820 lleuetili.
598 2752 835 2818 neceesarium
850 2750 1007 2819 diuitum
1025 2751 1131 2821 filium

402 2840 576 2905 Nicolaum
589 2861 602 2914 3
618 2839 720 2905 iidem
734 2841 937 2925 requirentes
952 2860 990 2906 ut
1006 2863 1078 2907 cum
1093 2861 1131 2907 ea

293 2929 371 2993 navi
393 2970 404 2999 ,
428 2926 522 2991 cuiun
545 2928 716 3011 praescitur
741 2931 787 2995 est
812 2975 822 3006 ,
845 2929 941 2995 nobit
970 2930 1132 2998 deservire

294 3015 399 3081 vellet
419 3016 452 3079 iu
471 3016 568 3080 rebus
591 3019 729 3090 maximi
753 3020 912 3083 momenti
936 3038 946 3083 t
971 3022 1133 3104 quemad·

230 3179 237 3187 ἱ
292 3106 429 3167 modum
445 3105 670 3170 Deuotionem
693 3124 784 3173 tuam
798 3106 981 3194 intelligere
994 3110 1134 3173 confidi·

292 3210 388 3256 mus.
413 3194 475 3258 Sed
487 3192 515 3257 is
531 3236 540 3266 ‚
567 3192 622 3258 sua
635 3197 809 3263 voluntate
821 3196 948 3287 optime
962 3196 1058 3263 nobis
1074 3200 1134 3264 de·

292 3278 441 3358 clarata,
465 3282 622 3359 offeruit,
647 3281 1133 3369 seobeameausam‚quomi·

292 3386 354 3433 nus
381 3371 416 3433 id
441 3371 541 3435 faciat
567 3371 722 3458 impediri
752 3376 878 3460 ‚quod
899 3379 1016 3441 habent
1039 3372 1131 3440 suam

293 3456 392 3522 fidem
408 3460 470 3523 tibi
486 3462 671 3527 obstridiam
694 3461 788 3549 super
803 3465 915 3528 eadem
932 3466 1030 3529 navi.
1058 3468 1130 3530 Noa

298 3565 376 3627 ergo
396 3569 458 3612 non
478 3551 670 3616 dubitanter
682 3597 693 3628 ,
716 3552 802 3618 teiis
825 3556 943 3626 rebus,
968 3573 1039 3637 quae
1058 3568 1130 3614 nra-

297 3636 352 3725 gni
375 3638 480 3702 nostra
517 3640 680 3709 intersunt
701 3683 715 3728 ,
739 3639 1130 3718 enumerationem

1034 3739 1129 3791 tuam

1176 411 1192 581 t
