2542 4350
296 516 338 579 7·
445 487 653 563 Jacont
686 476 1007 552 annonari

295 600 407 671 penna,
424 592 464 644 ut
475 577 623 662 requisiti
639 579 757 648 abate,
773 571 863 639 omni
876 569 1012 636 auxilio
1028 574 1144 659 probi.

296 675 421 744 beant,
444 689 482 735 ιιι
507 666 583 751 quia
599 681 714 731 eontra
735 661 882 729 nostrum
914 657 1063 726 edietum
1086 683 1144 751 ptr

298 759 498 847 pradiiturn
526 754 731 821 Decennium
749 751 869 816 audeat
883 746 1044 815 innovare
1058 754 1145 818 ·Ct·

298 865 431 918 terunt,
456 844 568 926 iiquir
584 856 653 908 tant
668 842 776 906 audax
793 881 805 914 ‚
829 859 866 903 ac
880 837 1081 903 temerarius
1093 836 1144 906 es·

297 933 348 1001 set
359 978 369 1007 ,
382 933 439 1017 qui
454 933 579 996 nostras
593 934 653 996 hat
667 930 796 997 iitteraa
812 927 865 993 vei
878 924 1047 1012 divulgari
1065 949 1146 1018 pro·

297 1023 440 1096 biberet,
456 1023 510 1086 vel
525 1020 740 1105 divulgatae,
763 1040 804 1084 ex
824 1013 908 1081 loeis
934 1011 1063 1093 sacris,
1086 1030 1144 1083 aut

298 1112 446 1197 profanis
470 1101 680 1187 amoveret}
711 1107 884 1172 earundem
900 1121 1077 1188 poeuartrnr
1101 1108 1143 1170 fit

299 1218 377 1264 aeut
403 1242 413 1261 .
449 1197 756 1262 constitutionibut
777 1240 789 1273 ‚
814 1198 843 1262 St
869 1189 1139 1259 ordinationibus

301 1283 526 1373 apostolicis,
555 1283 737 1372 ceterisque
775 1280 1042 1369 quibuscumque
1066 1302 1145 1346 eou-

301 1373 414 1438 ttariis
431 1391 495 1436 non
520 1373 749 1439 obstantibus.
771 1377 900 1439 Datum
919 1371 1035 1434 Romu
1057 1370 1146 1459 apud

303 1465 337 1526 8.
351 1460 484 1524 Petrum
498 1458 556 1523 sub
571 1461 694 1525 annulo
710 1459 890 1525 Piscatoris
905 1459 959 1521 die
974 1471 1064 1520 xxti.
1075 1463 1159 1525 Dec

311 1547 454 1614 tembris
470 1563 622 1614 uuxvu.
636 1547 856 1614 Pontificatut
866 1545 964 1609 nostri
981 1563 1080 1611 ana.

283 1668 290 1681 ·
700 1638 843 1707 Jacobus
861 1631 1059 1700 srdoletus.

380 1727 417 1793 A
429 1738 540 1810 tergo·
565 1722 700 1791 Dilecto
712 1723 783 1789 filio
795 1717 965 1790 Francisto
986 1723 1028 1788 dt
1051 1725 1149 1795 Rofir

312 1812 542 1879 Rhavtnnati.

308 2019 382 2086 tv.
493 2017 658 2088 renuens
685 2033 729 2086 nt
752 2017 964 2087 urserunt.

348 2199 364 2220 a
408 2165 594 2247 Entrabilit
617 2169 758 2245 Frater,
781 2168 942 2239 &ditatu
956 2168 1025 2236 fiiis
1051 2166 1152 2237 Iusti·

306 2291 309 2325 r
422 2251 524 2318 timus
539 2250 620 2338 saepe
633 2296 645 2329 ‚
658 2276 695 2320 ac
711 2257 769 2322 diu
785 2261 836 2332 ,dt
856 2240 1179 2336 litteris,&Nun-'

309 2344 372 2409 tiit
387 2361 460 2405 cunr
483 2342 664 2406 charissimo
678 2343 710 2407 in
722 2345 853 2410 Christo
869 2347 939 2411 filio
956 2348 1066 2413 nostro
1085 2351 1151 2413 Ca-

309 2429 386 2498 tulo
401 2423 633 2514 Hispaniarum
649 2435 735 2517 Rege
746 2435 924 2501 Catholico
939 2433 1031 2521 super
1053 2434 1150 2500 causa

311 2515 537 2585 restitutionis
559 2522 642 2588 ven.
658 2522 781 2586 Fratris
811 2524 999 2589 Catdinalie
1017 2527 1152 2588 saneto·

313 2630 386 2673 rnna
406 2607 560 2696 Qutuot
581 2607 623 2670 ad
639 2608 826 2684 Ecelefiat,
851 2614 881 2678 Se
901 2611 1087 2687 Beneficia,
1111 2628 1151 2676 ut

252 2747 255 2752 -
311 2694 367 2763 vel
391 2718 431 2761 ert
444 2694 591 2775 justitia,
615 2697 669 2762 vel
683 2720 724 2763 ert
737 2699 914 2763 honorifica
936 2700 1014 2764 dieti
1029 2700 1149 2768 cardi.

310 2782 398 2849 ualie
417 2826 431 2859 .
452 2789 482 2850 ἃ
505 2788 601 2860 hujus
632 2783 745 2850 sancta
767 2786 860 2850 Sedis
883 2789 1057 2855 concordia
1080 2808 1149 2852 rent

312 2873 512 2954 quandoque
532 2872 745 2949 terminaret,
768 2876 798 2938 ar
815 2877 912 2952 hujus
927 2876 1040 2943 santra
1054 2874 1148 2941 Sedit

311 2958 430 3022 horrori
453 3000 465 3030 ,
489 2957 547 3042 qui
574 2961 727 3049 exemplo
751 2959 912 3040 Majorunn
926 3010 937 3041 ,
961 2967 992 3031 dr
1021 2965 1150 3029 Praede·

312 3043 471 3107 teiiorunt
493 3046 679 3113 nostrorum
701 3095 712 3126 ,
735 3070 773 3113 ac
798 3052 938 3117 Domini
966 3052 1151 3117 saltatoria

311 3145 476 3216 precepto
489 3133 608 3197 dietam
625 3136 866 3203 restitutionem
882 3140 1045 3215 fecimus,
1069 3160 1153 3204 ton·

312 3216 436 3283 suieret
464 3262 473 3281 .
497 3223 573 3305 Qua
597 3242 630 3286 te
659 3224 691 3289 in
709 3226 857 3312 ,longum
884 3229 1047 3314 protradla
1073 3272 1085 3300 ,
1108 3228 1153 3290 ad

314 3318 500 3369 extremum
517 3309 670 3394 praefatus
696 3314 767 3380 Rex
782 3338 837 3401 pet
853 3314 926 3381 suaa
949 3317 990 3379 ad
1012 3334 1096 3390 not,
1121 3320 1152 3384 dt

312 3393 473 3458 Oratores
491 3393 566 3462 suos
595 3396 726 3464 litterae
754 3403 851 3471 nobie
878 3405 1095 3490 significavit,
1120 3403 1153 3470 se

317 3500 389 3545 tum
418 3482 564 3567 primunr
589 3488 631 3551 ad
658 3486 820 3577 Hispania
842 3513 937 3579 regna
953 3493 1152 3581 appuliiiet‚

315 3588 380 3633 rem
408 3589 540 3639 omnem
556 3577 596 3640 ad
624 3598 775 3664 optatum
795 3582 888 3645 finem
906 3585 1149 3653 deducturum,

314 3653 509 3744 causamque
528 3665 801 3753 terminatorum:
824 3670 915 3760 quod
933 3691 997 3739 noa
1013 3667 1149 3817 ςυῐὲείιη

1090 3777 1151 3819 tt·
