2542 4350
321 460 387 539 ’164
478 459 689 536 incon!
720 459 1014 533 SADOLETI
1073 501 1076 507 ·

324 556 425 618 ducet
453 553 502 617 tui
530 552 569 618 de
601 548 783 615 defensione
817 549 949 616 illarum
980 553 1159 641 regionum

314 640 412 728 'spem
438 657 546 707 totam
576 638 775 725 posuilstnt,
799 657 836 703 ac
859 640 900 704 de
927 662 1039 706 earum
1064 643 1160 710 insu·

319 753 400 819 per,
424 752 495 816 qun
510 743 573 791 tuae
598 742 690 793 erant
704 727 868 813 propriae,
892 731 1040 814 periculo
1061 753 1158 800 com·

318 835 555 901 moverentur,
580 838 640 880 nos
662 816 763 880 etiam
788 816 1156 905 inmagnonostrarnm

314 926 426 975 terum
446 924 536 973 rnetu
554 905 692 970 effemue
707 925 721 982 3
745 902 791 966 eis
807 908 1082 973 conventionibus
1097 933 1158 976 oc.

314 996 449 1073 currere,
474 991 578 1061 coccii
601 993 725 1056 fuimus
749 990 935 1059 imminenti
944 1016 946 1018 ·
965 997 1118 1082 periculo
1140 1045 1153 1076 ,

198 1135 201 1141 .
314 1104 400 1168 quas*
411 1099 448 1147 tu
460 1085 587 1171 optime
604 1082 697 1146 nosti
711 1083 769 1167 (a)
781 1081 835 1146 Ex
848 1083 970 1166 quibua
986 1084 1099 1151 vidisti
1115 1103 1151 1154 tu

248 1169 249 1172 ’
313 1174 460 1260 profecto
481 1179 510 1240 ἃ
529 1170 737 1254 cognovisti,
761 1189 831 1254 qua·
846 1171 942 1236 nobis
959 1173 1036 1237 ellet
1048 1196 1150 1253 cura,

312 1282 384 1346 qun
399 1263 510 1325 cautio
527 1278 633 1324 rerum
662 1262 778 1323 harum
791 1260 874 1348 (b),
897 1275 937 1323 ut
955 1261 1062 1325 nihilo
1084 1265 1153 1332 mi·

311 1370 373 1415 uns
389 1350 451 1415 tibi
478 1344 636 1430 rebusque
653 1348 746 1423 ruis,
771 1351 914 1432 quam&
930 1349 1025 1414 nobie
1053 1371 1151 1419 cave.

311 1459 444 1507 remuc.
468 1436 543 1502 Herc
560 1434 758 1512 conuelli,
774 1452 845 1520 quat
865 1437 908 1502 ad
922 1450 956 1502 te
969 1452 1057 1505 certe
1071 1462 1153 1526 per·

309 1540 469 1595 venerunt
480 1571 490 1601 ‚
501 1523 584 1592 nihil
599 1543 684 1611 opus
697 1526 741 1590 est
756 1525 849 1600 illinc
864 1526 1027 1612 temporie
1042 1530 1150 1596 auio-

309 1637 366 1683 nec
389 1617 514 1684 nostras
530 1615 742 1697 comprobare
768 1614 855 1701 apud
884 1629 941 1688 te,
967 1617 1148 1702 fingulare.

309 1725 374 1789 que
400 1706 570 1792 quoddam
585 1703 732 1777 studium.
747 1706 892 1776 nostrum
919 1704 1021 1770 statur
1035 1708 1148 1788 lrono.

308 1795 422 1881 risque
444 1797 496 1862 tui
510 1794 677 1860 ostendere
691 1793 815 1872 3facile
828 1790 915 1859 enirn
931 1795 994 1859 hoc
1009 1793 1076 1860 tibi
1090 1819 1149 1864 ren

307 1881 379 1968 ipsa
398 1883 599 1951 declaravit:
623 1883 669 1948 nn
690 1896 802 1949 autem
814 1882 867 1948 vel
891 1902 957 1948 non
979 1884 1145 1968 cognovi·

307 1972 350 2037 lli
359 2019 370 2048 ,
397 1971 450 2040 vel
467 1973 599 2039 oblitus
613 1993 648 2038 ec
660 2016 671 2048 ,
685 1973 749 2038 erit
762 1972 1116 2057 tempotcomntodiua
1131 2020 1146 2053 ,

305 2081 376 2147 quo
394 2061 453 2126 ista
469 2081 694 2148 exponemus,
719 2062 777 2146 qul
793 2058 1010 2129 &Gallorum
1023 2065 1142 2130 transr-

307 2163 382 2217 tum
403 2151 503 2216 intui
519 2148 609 2233 regni
623 2151 703 2213 fines
719 2147 835 2213 multis
855 2149 956 2214 rebus
974 2155 1141 2222 remorati

305 2239 457 2313 trimme
478 2242 597 2305 &cum
619 2235 849 2302 fisocr'etatem
872 2234 1009 2303 illorum
1033 2239 1142 2308 volis.

306 2326 417 2395 semus
440 2324 535 2409 sequi
557 2368 570 2397 ,
592 2324 737 2390 maxime
761 2324 859 2390 nobie
883 2327 1014 2411 promia
1037 2372 1054 2405 2
1073 2350 1140 2401 non

296 2412 415 2483 *solum
436 2429 724 2503 proponerentur,
748 2410 929 2478 sedetiam.
951 2417 1052 2482 errent
1072 2440 1134 2505 pa.

304 2521 377 2570 rata
401 2551 414 2581 ,
437 2505 478 2571 ab
505 2503 661 2570 instituto
684 2502 796 2567 nostro
819 2522 884 2567 non
910 2501 1106 2574 discedimus
1121 2525 1140 2575 ε’

294 2594 444 2682 plusque
473 2594 562 2682 apud
587 2612 652 2656 noe
677 2589 831 2656 amici-tia
851 2605 913 2657 cun
942 2596 1139 2669 memorio

302 2704 404 2770 quam
427 2685 594 2773 premium
610 2680 715 2747 ullum
730 2679 861 2747 valuit.
884 2686 999 2748 Secuta
1013 2686 1056 2750 en
1077 2688 1132 2752 vi.

301 2775 404 2840 cloria
419 2787 552 2839 tuorum
571 2769 728 2837 adversus
741 2770 859 2835 Gallos
873 2816 885 2845 ‚
909 2791 973 2857 qua
987 2774 1134 2860 adepta,

300 2884 376 2931 cum
401 2864 512 2926 omnia
534 2861 633 2927 nobis
652 2856 781 2924 sublata
804 2865 973 2926 contentio
997 2862 1137 2931 videre..

289 2966 381 3026 tur,
405 2970 545 3035 cumque
560 2954 626 3027 jam
650 2947 714 3012 fine
735 2944 917 3033 cupiditate
938 2950 1134 3036 &partium

297 3037 482 3124 suspicione
514 3036 577 3101 tibi
606 3033 795 3103 videremur
824 3038 959 3103 foederis
994 3041 1132 3109 vinculo

296 3128 414 3200 haerere
439 3126 554 3211 polle,
576 3143 795 3209 magnumque
817 3126 851 3189 in
877 3146 917 3191 eo
936 3128 1130 3197 beneficium

293 3214 401 3279 Italic
417 3216 447 3280 Sc
465 3210 724 3277 Christianitatis
750 3210 857 3276 totius
871 3216 1014 3299 polutum
1037 3220 1129 3286 arbi.

296 3314 487 3382 arctemur,
512 3320 575 3362 non
596 3298 712 3361 foedus
736 3298 844 3365 solum
870 3302 1043 3381 fecimne,
1068 3308 1126 3376 sed

233 3414 236 3417 ⁴
297 3383 368 3475 qno
392 3391 443 3455 tui
461 3390 561 3453 duces
579 3400 710 3473 egentes
730 3389 992 3476 pecuniaealere‚
1017 3400 1048 3465 sc
1070 3396 1132 3464 su„

294 3479 414 3544 {linere
431 3479 613 3544 exercitum
638 3475 765 3562 pollent
776 3522 791 3552 ‚
811 3502 952 3565 cumque
973 3486 1125 3560 anostris

293 3568 416 3635 finibus
442 3566 641 3633 abducerent
658 3609 677 3641 ‚,
713 3581 843 3632 centum
869 3569 939 3634 illis
965 3572 1124 3652 dedimus

1051 3663 1116 3732 du.

311 3754 361 3830 (ι)
381 3756 415 3818 lt
426 3755 1101 3843 tdiaterldilceuvllviprrpertm(b)ueu...
