2542 4350
1052 186 1062 293 l

1055 296 1064 337 l

212 420 310 514 uvili
384 426 575 537 Jrcoor
616 410 904 502 sinuntur
1061 506 1063 511 ,

211 547 277 629 vel
307 538 429 625 dilata
456 531 477 572 *
496 536 537 619 in
568 529 676 619 aliud
694 553 857 647 tempus
889 527 1079 653 l'uilset3¹

210 662 416 753 Satloletus
454 684 534 741 non
577 652 750 766 amplius
789 656 944 737 Romae
995 646 1092 755 fibi'j.

212 778 423 867 terendum
444 798 605 888 tempus
635 769 869 858 existimans
891 763 984 880 ,³⁸
1016 767 1072 853 de²

214 901 348 986 reditu
374 895 577 1010 cogitabat
614 923 625 977 t
653 889 748 976 cbm
774 912 953 1005 repente
990 917 1055 974 una

213 1013 574 1132 cum-quibusdam
599 1009 766 1127 optimis
795 1014 840 1097 &
880 1008 1055 1217 prastiassnl·
1087 1088 1093 1100 ,

468 1182 472 1193 ,
979 1152 997 1215 t
1048 1175 1056 1194 ,

251 1332 272 1366 “
309 1340 344 1390 le
355 1333 431 1389 allud
440 1329 636 1405 campmfalllia
654 1331 809 1403 denudat
822 1344 859 1382 ea
875 1328 964 1385 card.
975 1328 1058 1382 Palla·
1080 1318 1096 1397 ,s

214 1413 306 1469 vicino
319 1415 420 1469 tristor.
433 1419 515 1467 conc.
528 1412 653 1465 Trideut.
673 1410 721 1465 lib.
736 1428 780 1464 re.
790 1425 852 1476 cap.
867 1428 896 1465 v.
920 1407 1057 1462 Nicolaum
1083 1404 1091 1451 ἓ

215 1493 433 1559 Schombergium
446 1492 615 1545 cardinalem
628 1486 900 1555 Capuanumdidlum
916 1520 931 1554 ,
952 1485 981 1538 in
994 1485 1058 1538 caasa

218 1571 316 1637 mine,
336 1588 368 1621 ue
380 1570 532 1621 emendatio
546 1569 575 1620 in
592 1584 628 1618 eo
645 1565 806 1619 detectorum
823 1566 1017 1618 Cardinalium
1040 1560 1058 1613 ἃ
1095 1614 1099 1619 .

216 1651 332 1702 aliorum
344 1648 514 1699 Prolaturum
538 1645 658 1700 confilio
677 1645 797 1710 statuta,
816 1644 904 1698 uniue
927 1640 1058 1704 Pontificio

218 1729 327 1779 decreto
345 1726 432 1778 statim
446 1725 477 1776 ad
499 1723 705 1794 exequutionem
728 1723 908 1792 perveniret3
929 1722 1002 1794 quod
1015 1721 1059 1789 iule

218 1805 420 1872 Sebombergiua
443 1805 524 1855 satius
536 1804 669 1871 putaverit
686 1819 745 1854 eam
757 1802 791 1853 ad
811 1803 949 1854 Generale
968 1799 1060 1854 Conci·

221 1884 290 1939 lium
306 1884 379 1936 brevi
399 1883 566 1948 cogendum,
584 1881 633 1933 effe
650 1881 835 1934 dimittendam
852 1913 862 1934 .
885 1881 1062 1933 Animadver-

219 1963 329 2013 tendum
343 1961 391 2012 boc
404 1962 485 2024 loeo,
497 1977 513 2010 a
526 1959 649 2012 Sleidano
666 1959 694 2010 in
707 1957 923 2012 Commentariis
935 1958 1062 2010 memorie

219 2041 383 2108 proditum,
401 2040 510 2089 eundem
526 2037 644 2089 libellum
665 2036 771 2105 abipso
791 2037 941 2090 cardinale
959 2036 1063 2089 Schom·

220 2116 315 2183 bergio
337 2116 437 2164 millum
451 2115 523 2166 fuisse
537 2117 565 2166 iu
583 2114 775 2178 Germaniam,
788 2114 890 2185 idque:
910 2149 933 2183 ,‚
947 2118 1063 2167 Nonne·

219 2227 245 2261 2,
265 2194 319 2244 lcio
341 2194 488 2257 Pontifice,
509 2208 538 2247 nt
560 2195 684 2262 diciplina
706 2194 811 2264 aliquod
826 2195 945 2247 studium
960 2211 1065 2264 appare·

218 2304 244 2339 ,‚
266 2283 306 2321 ret
323 2270 537 2333 emendationis,
552 2271 578 2320 ἃ
590 2287 619 2327 ut
632 2272 754 2326 homines
771 2272 957 2341 intelligerent
981 2274 1065 2325 aliun·

219 2381 244 2418 2,
263 2351 318 2411 de,
338 2361 461 2415 tanquam
475 2347 529 2414 ipse
547 2349 629 2404 luerit
648 2353 756 2405 daturne
770 2352 899 2417 graviora
908 2347 932 2419 ‚v
942 2352 1066 2423 liquidem

219 2458 246 2494 3,
267 2424 366 2495 aliquid
386 2422 512 2484 ejusmodi
539 2430 649 2494 paralset
676 2430 851 2491 evulgandum
870 2447 918 2496 „a
939 2433 1012 2500 quod
1031 2443 1068 2483 ta·

220 2523 283 2559 naen
296 2506 367 2557 inter
381 2518 480 2555 ceteras
492 2507 610 2558 Sleidani
626 2508 734 2559 fabellas
747 2508 846 2560 merito
858 2510 991 2562 amandat
1005 2513 1068 2562 Car·

220 2584 320 2636 dinalis
334 2583 512 2636 Pallavicinue
524 2586 577 2638 loc.
590 2585 638 2638 cit.
647 2590 765 2638 Tantum
780 2598 868 2639 autem
881 2603 897 2637 a
908 2604 977 2638 vero
993 2586 1071 2652 abeli,

220 2664 290 2732 quod
312 2664 344 2713 de
354 2661 540 2730 Schombergio
551 2664 666 2715 traditur
679 2664 711 2714 ab
724 2664 823 2726 Jacoho
843 2666 951 2717 Ecbard
978 2666 1009 2716 in
1027 2666 1071 2717 lli·

223 2741 302 2793 bliot.
314 2740 408 2809 Script-
420 2742 491 2793 Ord.
505 2743 588 2794 Praed.
601 2741 700 2794 scilicet
710 2741 741 2793 ab
760 2758 791 2792 eo
800 2741 988 2797 elucubratum
1003 2743 1073 2796 fuid'e

220 2820 362 2871 veniliam
385 2818 533 2872 delrr‘iurram
545 2821 726 2874 cardinalium
744 2852 755 2883 ,
775 2819 806 2873 ὰ
819 2815 935 2874 alior‘nnr
947 2825 1071 2876 Prolata·

222 2911 281 2950 rana
294 2897 323 2947 de
340 2897 496 2950 emendanda
509 2897 640 2963 Ecclein
662 2911 692 2951 ut
715 2897 804 2965 potina
815 2897 860 2949 ille
875 2897 958 2960 buiua
980 2917 1074 2953 ernen-

221 2974 341 3024 dationis
364 2977 547 3040 remorandae,
568 2992 596 3029 nt
624 2976 765 3043 diximus,
785 2974 876 3029 annor
895 2979 1008 3046 fuerit3
1030 2996 1074 3032 nec

221 3066 293 3103 certe
314 3050 409 3102 sederit
436 3072 494 3104 curn
522 3053 619 3114 [sciris
642 3057 666 3107 ei
691 3056 832 3107 sanciendae
854 3053 964 3109 delestis
989 3092 1000 3110 .
1022 3058 1076 3122 Qui

221 3142 289 3179 vero
311 3143 402 3194 agente
422 3131 608 3197 Schombergio
629 3135 783 3201 opusculum
814 3132 879 3185 illud
902 3135 1011 3187 editum
1035 3137 1078 3188 di·

222 3218 309 3268 eunt,
331 3205 367 3254 nil
383 3207 452 3257 aliud
468 3212 537 3260 forte
551 3213 705 3280 intelligunt
720 3246 733 3278 2
751 3228 830 3282 quam
846 3211 922 3267 suill'e
936 3214 970 3265 ab
995 3230 1031 3267 eo
1050 3216 1078 3267 ia

223 3282 396 3333 Germaniam
421 3288 623 3343 transmillum..

263 3355 279 3382 ¹
294 3354 309 3384 ⁴¹
330 3364 369 3409 De
379 3362 462 3414 reditu
477 3367 609 3431 cogitabat
621 3378 654 3440 ‚J
673 3372 711 3420 De
725 3368 774 3421 hoc
785 3384 864 3436 quem
882 3368 1025 3436 cogitabat
1039 3389 1079 3425 re·

224 3434 282 3487 ditu
301 3436 389 3487 scribit
413 3439 521 3505 ipsemet
547 3446 683 3497 cardinali
710 3444 849 3498 Benedielo
872 3449 990 3500 Accolto
1015 3467 1079 3504 xur-

224 3514 285 3566 Cal.
296 3515 446 3565 Decembris
459 3536 528 3571 anno
545 3534 629 3588 153⁶·
646 3522 693 3574 lib.
708 3540 749 3575 rx.
760 3542 802 3590 ep.
816 3540 863 3586 17.
874 3522 898 3573 dc
910 3528 1015 3581 Cosmo
1026 3532 1080 3581 Ge.

225 3606 269 3726 ξιξ
289 3590 356 3641 5⁸⁰³
371 3593 500 3667 Episcopo
517 3603 569 3659 rtl.
580 3600 693 3676 calenda
705 3600 856 3660 Decembris
876 3597 999 3665 eiusdem
1013 3606 1081 3671 anui

240 3685 248 3720 ¹
267 3685 333 3725 011·
347 3685 390 3742 effa
405 3676 451 3730 180
