2542 4350
313 484 360 551 06
460 471 671 550 Jacont
706 471 1004 542 saboim

267 612 270 617 -
310 565 468 651 relligere
481 563 578 630 nobis
594 564 781 628 videremur
794 609 805 639 ,
816 584 877 630 vos
893 563 993 628 malle
1011 560 1162 646 dietam,

312 654 440 729 &aliar
462 653 558 741 istius
574 653 664 740 regni
685 655 848 719 Eeelefias
873 655 986 720 vestra
1011 653 1163 727 nationis

314 744 508 810 hominibus
526 744 687 821 conferri,
710 745 873 810 vertimus
898 765 1009 811 curam
1029 788 1040 819 ‚
1067 757 1109 808 ut
1125 767 1164 813 ea

313 831 349 898 in
366 855 414 910 re,
427 837 457 903 n
470 833 630 900 desiderio
647 833 772 909 vestro,
788 837 818 900 a
831 835 948 900 honori
958 833 1051 899 Sedis
1064 836 1164 920 Apoq

312 920 436 988 stolicae
449 921 719 997 consuleremus,
744 921 801 1009 qui
820 925 898 989 bene
914 924 955 988 de
965 922 1162 1003 femeritis,

312 1027 441 1098 gratam
465 1011 497 1082 se
510 1056 522 1089 ,
545 1014 761 1080 &beneficam
786 1010 872 1078 solet
898 1011 1050 1079 exhibere
1063 1033 1076 1091 3
1101 1031 1161 1092 nee

313 1101 373 1167 diu
386 1117 497 1170 tamen
511 1104 725 1189 cogitandum
735 1101 832 1169 nobis
850 1100 936 1177 fuit,
959 1100 1039 1185 quin
1052 1104 1161 1167 Vene-

313 1192 452 1257 rabilem
487 1193 646 1257 Fratrem¹
666 1191 832 1257 Andream
866 1188 1160 1281 Arthiepiscopum

312 1293 392 1345 tunc
406 1277 644 1346 Bituricenl'em
667 1286 729 1348 hoc
746 1283 870 1346 honore
884 1281 1018 1366 dignum
1035 1279 1162 1346 statue·

274 1429 278 1434 .
309 1389 425 1443 remus
445 1393 456 1447 ς
481 1392 556 1438 tum
573 1369 754 1457 praesertim
772 1368 815 1435 ad
830 1366 1161 1454 illiusdignitatem,

311 1460 343 1527 ἃ
358 1458 501 1542 merita,
520 1459 626 1524 multa
643 1461 834 1544 accederent
848 1457 1048 1526 extrinsecus
1065 1458 1162 1538 adju·

308 1563 422 1612 menta
449 1593 460 1624 ,
496 1569 567 1634 quae
592 1552 690 1616 nobis
714 1549 750 1614 id
779 1545 923 1612 maxime
958 1544 1157 1614 suaderent·

310 1635 398 1704 Nam
412 1640 441 1704 St
456 1635 584 1722 quanto
597 1659 710 1705 amore
724 1635 823 1702 illum
838 1638 908 1712 Rex
923 1636 1026 1704 vester
1038 1635 1161 1701 defun·

312 1726 382 1790 (tus
398 1770 408 1801 ,
433 1730 477 1792 ob
490 1730 587 1794 fidem
604 1773 615 1806 ,
638 1726 909 1814 &integritatem
936 1725 969 1790 in
987 1747 1027 1792 eo
1046 1725 1162 1810 cogni·-

312 1829 412 1893 tam‚
436 1813 560 1907 semper
583 1817 766 1898 dilexerit,
790 1815 825 1879 in
850 1814 1013 1880 memoria
1038 1814 1161 1880 habui·

312 1922 389 1968 mus
404 1909 504 2010 (ejus
518 1920 629 1975 autem
642 1908 741 1992 Regis
754 1902 915 1984 judicium
926 1902 1160 1978 ,memoratas

266 2034 269 2039 »
311 2002 459 2078 magma
474 1995 572 2059 vobis
588 1996 656 2060 fieri
678 1995 805 2078 debet)
820 1997 849 2059 δι
862 1994 941 2075 quia
959 1993 1002 2058 de
1013 1989 1158 2073 ejusdem

311 2083 450 2147 Andreae
482 2082 686 2171 Archiepisc.
728 2081 905 2171 prudentia
931 2125 943 2156 ,
975 2085 1004 2147 u
1036 2081 1161 2146 virtute

310 2167 434 2235 conscii
456 2191 616 2246 eramus3
641 2166 888 2253 sciebamusque
912 2185 1073 2252 quantum
1104 2169 1162 2235 ille

336 2275 375 2318 ro
399 2257 569 2320 communi
587 2274 689 2342 pace,
713 2262 742 2325 ἃ
759 2258 846 2321 bono
857 2257 950 2321 Sedis
965 2258 1162 2345 Apostolieae

309 2275 515 2418 lltoraffet,
539 2343 686 2429 aliquam
704 2346 843 2431 gratiam
870 2365 924 2431 per
949 2364 1011 2409 nos
1024 2351 1088 2435 ,ιᾶ
1103 2352 1163 2413 Se·

312 2430 387 2495 dem
403 2432 632 2519 Apostolicam
646 2434 829 2502 illidebere
844 2432 1052 2500 fatebamur·
1078 2438 1166 2500 Ter·

309 2519 366 2586 tio
388 2542 461 2588 cum
485 2523 656 2591 hominem
675 2524 786 2591 vestra
805 2522 951 2589 nationis
967 2521 1079 2588 vestris
1095 2524 1164 2587 Ec·

309 2608 445 2687 cletis,
466 2620 497 2684 Se
512 2612 668 2681 Praelatis
688 2611 926 2702 praeficiendum
947 2614 1008 2676 elie
1031 2610 1164 2677 videre·

308 2721 385 2765 mus
397 2745 407 2778 ,
419 2721 484 2772 non
503 2704 680 2770 habuimus
695 2703 862 2770 hominem
879 2702 963 2786 ,qui
976 2705 1005 2766 St
1020 2699 1076 2767 sua
1092 2701 1163 2767 vir·

306 2804 382 2877 tute
398 2796 535 2880 potior,
558 2793 696 2859 &nobis
710 2794 856 2877 gratior,
879 2791 1026 2859 &restro
1040 2789 1090 2854 isti
1105 2812 1161 2853 re·

301 2879 394 2965 gno,
419 2898 456 2943 ac
484 2878 612 2947 nationi
632 2881 748 2945 utilior
764 2882 824 2945 elie
849 2884 965 2968 potiit.
989 2879 1080 2967 Qin
1101 2900 1162 2966 pro

308 2975 423 3031 amore
440 2988 516 3053 erga
540 2988 602 3033 vos
618 3012 629 3045 ,
654 2973 684 3034 ἃ
698 2966 791 3029 iilam
805 2969 946 3054 patriam
962 2969 1097 3044 nostr03
1122 2980 1162 3031 ut

308 3056 357 3117 ad
374 3074 445 3118 eam
477 3059 572 3141 longe
588 3073 606 3116 a
624 3056 721 3122 nobis
738 3058 831 3119 srtam
855 3053 1105 3127 benevolentia,
1129 3059 1162 3124 St

308 3142 480 3208 beneficiis
494 3143 634 3232 propius
648 3145 876 3208 accederemus
889 3187 899 3219 ,
911 3159 1027 3231 prater
1038 3142 1162 3210 dimam

312 3230 496 3294 Ecclesiam
510 3237 541 3296 S.
557 3234 692 3295 Andreae
708 3236 757 3307 ,n
772 3232 838 3295 alia
852 3230 1047 3297 Monasteria
1063 3275 1073 3305 ,
1089 3252 1162 3315 qun

305 3320 450 3404 praefato
464 3318 724 3407 Archiepiscopo
735 3320 938 3385 contulimus
953 3366 964 3399 ,
988 3319 1088 3383 eriam
1099 3339 1165 3383 no·

307 3408 408 3470 strum
436 3409 477 3474 de
501 3406 603 3473 latere
616 3410 777 3494 Legatum
803 3409 834 3475 in
854 3410 915 3473 isto
933 3430 1032 3493 regno
1043 3410 1162 3473 Sentiat

316 3517 389 3559 eum
416 3498 603 3562 creavimus
632 3520 705 3562 cum
732 3498 776 3561 iis
802 3497 1017 3564 facultatibus
1043 3540 1054 3570 ‚
1077 3516 1162 3579 quat

312 3582 412 3648 vobis
431 3587 605 3670 proficuas,
617 3590 645 3651 Se
658 3586 822 3652 salutares
834 3588 955 3653 foreob
971 3584 1163 3673 spirituales

313 3674 441 3760 gratias
454 3678 509 3753 ,tr
526 3674 783 3747 emundationes
800 3677 977 3747 vestrarum
995 3670 1163 3775 conicien-

1037 3776 1162 3829 ilatum
