2542 4350
288 476 316 535 Ι
431 462 641 538 ticoni
671 460 993 530 sADotm

286 571 389 629 mue,
412 553 493 635 quin
506 550 594 640 ipsos
607 550 739 628 ensem,
762 556 793 621 δι
806 549 944 637 pileum
972 548 1132 618 tranl'mit·¹

282 657 438 708 ceremur
452 642 515 708 tibi
526 685 538 717 ,
548 643 600 708 rel
614 656 784 727 tamquam
799 641 985 726 praemium
999 641 1133 707 tue-vir·

289 731 409 806 tutis,
435 729 487 796 vel
501 747 669 816 tamquam
681 728 912 796 testimonium
929 730 1053 795 nostre
1065 729 1098 794 iu
1109 745 1134 795 tr

292 819 486 907 opinionis.
504 820 702 910 Quanquam
718 817 856 904 quidem
871 832 944 882 tuce
961 839 1018 882 ree
1032 819 1135 905 geste,

291 927 435 993 quarum
454 908 541 974 fama
557 931 612 998 per
624 928 738 973 ornnes
751 920 892 994 gentes,
919 905 1136 992 nationesque

284 996 564 1152 tssl'sstzl‘ln
576 995 1137 1174 tttlltrl‘tl‘lsl‘tsstllt

489 1130 501 1160 2

290 1173 404 1238 eorari
430 1177 517 1260 polle
540 1175 738 1248 videantur,
761 1194 831 1256 que
857 1171 940 1238 suut
955 1172 1092 1262 semper
1110 1173 1139 1240 in

294 1258 422 1327 divinis
443 1264 626 1330 honoribus
641 1262 826 1346 augendis,
850 1262 1020 1347 fideque,
1044 1268 1075 1331 ἃ
1095 1266 1151 1326 re·'

291 1348 420 1432 ligione
444 1350 551 1415 nostra
580 1350 790 1439 propaganda
813 1351 955 1416 fortiter
980 1350 1139 1436 limulque

291 1436 436 1506 feliciter
450 1436 605 1506 versate.
630 1438 693 1504 Sed
710 1454 818 1504 tamen
842 1439 865 1502 li
884 1459 954 1504 non
973 1455 1050 1506 tam
1072 1463 1140 1506 mu·

291 1546 359 1592 nur
384 1526 517 1613 ipsunt,
540 1548 641 1612 quam
654 1528 797 1592 muneris
818 1526 1140 1613 mysteriumintcr·

294 1616 420 1701 precari
433 1615 582 1682 volueris
596 1663 607 1694 ,
629 1614 798 1702 intelliges
811 1615 967 1700 profecto
981 1618 1072 1684 nihil
1086 1619 1140 1684 elle

292 1717 367 1770 tam
383 1705 532 1794 amplum
555 1725 573 1770 a
596 1725 713 1792 magna
732 1704 855 1791 virtute
869 1709 1140 1793 expectandum.

292 1794 389 1877 quod
402 1815 467 1861 nou
481 1792 545 1859 tibi
565 1794 599 1858 in
619 1817 660 1861 eo
673 1793 745 1883 ipso
757 1793 847 1857 douo
859 1777 925 1858 aut
945 1813 1072 1883 aperte
1086 1798 1142 1859 de·

294 1895 371 1949 tum
392 1897 452 1949 aut
465 1883 602 1969 mystice
626 1885 838 1967 fignificatum
856 1883 921 1946 fit.
944 1884 1029 1950 Nos
1057 1885 1140 1953 eninr

274 1971 356 2057 ‘qui
371 1972 526 2040 vicariam
536 1969 601 2036 Dei
612 1972 807 2057 potestatem
820 1969 854 2034 in
874 1971 983 2038 terris
1006 1975 1139 2042 obtine·

295 2080 388 2135 mue,
401 2061 503 2146 pileo,
518 2074 550 2125 te
564 2059 652 2144 quast
665 2060 698 2126 in
715 2057 1013 2148 participationem
1028 2065 1138 2128 Sacer·

296 2148 428 2216 elotalir
453 2148 627 2237 dignitatis
654 2146 893 2223 adsciscimus,
916 2147 1057 2234 tibique
1078 2171 1138 2219 no.

294 2238 425 2306 hiscum
447 2258 512 2305 una
533 2252 733 2326 patronum,
756 2256 795 2303 ac
817 2236 1031 2305 defensorem
1053 2242 1137 2304 edo-

295 2343 456 2419 ptamus:
482 2326 590 2405 ensem
612 2345 777 2393 verocum
792 2326 1026 2413 porrigimur),
1050 2328 1136 2396 satie

294 2434 410 2507 aperte
422 2416 677 2492 denunciamus,
697 2432 787 2483 uteo
804 2415 854 2479 uti
868 2415 978 2494 velie,
1003 2415 1137 2484 tumaci

295 2508 594 2598 propugnationem
605 2527 744 2585 eorum,
769 2504 826 2591 qui
840 2504 902 2571 tibi
915 2508 1004 2581 lide,
1028 2526 1069 2572 ac
1082 2530 1136 2573 re·

296 2600 445 2686 ligione,
470 2617 612 2680 veroque
635 2596 703 2666 Dei
729 2595 821 2662 cultu
843 2596 1009 2674 coniuncti
1034 2594 1135 2669 sunt,

299 2704 377 2755 tum
403 2689 444 2753 ad
468 2686 663 2753 excisionem
676 2684 834 2761 illorum,
858 2684 915 2769 qui
940 2686 1054 2751 obfiut
1074 2684 1133 2772 ipti

296 2776 412 2843 sanclae
437 2775 562 2848 Fidei,
599 2778 630 2841 ἃ
653 2776 808 2841 omnibus
835 2772 990 2840 fidelibus
1020 2774 1134 2839 holiee
1150 2793 1163 2838 .·

294 2863 492 2946 inimicique
519 2861 595 2927 sunt
609 2905 621 2941 ,
652 2880 688 2928 ac
709 2861 836 2953 semper
859 2865 992 2929 fuerunt
1019 2884 1033 2935 r
1060 2864 1134 2939 itu,

294 2951 388 3035 quod
402 2952 444 3014 ad
459 2952 615 3017 meritum
629 2965 693 3016 tnae
706 2951 843 3039 pietatis
859 2952 1026 3043 pertinet,
1047 2953 1085 3017 'te
1100 2951 1134 3018 in

296 3038 364 3107 Dei
388 3040 628 3126 omnipotentis
647 3045 742 3116 sinu,
763 3063 801 3109 ac
822 3036 1007 3130 patrocinio
1021 3039 1135 3105 collo·

214 3189 217 3194 .
252 3177 254 3181 -
293 3146 439 3209 camus3
463 3132 554 3211 quod
569 3130 620 3193 ‘ad
644 3130 854 3198 fortitudinis
876 3130 1007 3196 leudem
1031 3173 1043 3203 ,
1068 3128 1133 3194 tibi

274 3220 595 3306 'propugnationem
616 3218 810 3287 sanctiffime
832 3221 924 3287 Fidei
940 3217 1134 3284 committi·

295 3325 393 3370 mur:
422 3308 455 3372 in
480 3309 588 3372 altero
613 3322 645 3372 te
661 3312 788 3388 aDeo,
807 3310 841 3376 in
855 3311 960 3376 altero
981 3328 1046 3372 nor
1066 3322 1134 3373 ate

294 3396 446 3470 adiuvari
460 3397 774 3482 vellelignificcmuc
784 3446 795 3477 ,
815 3397 1048 3489 &poscimus.
1068 3398 1134 3463 Sed

296 3486 394 3562 hujus
423 3486 531 3552 totius
548 3486 628 3552 doni
647 3503 748 3573 atque
769 3488 917 3576 mysterii
941 3486 1010 3549 vim
1028 3497 1133 3570 atque

295 3572 489 3640 sententiam
504 3579 546 3641 fic
557 3593 620 3665 pro*
633 3595 690 3642 cuc
702 3575 876 3669 prudentia
890 3574 984 3642 facile
1006 3595 1135 3658 cogno·

294 3660 392 3754 scer²
416 3666 487 3734 Nor
498 3667 634 3756 quidem
653 3687 806 3738 unacum
827 3664 1020 3757 supradicto
1038 3664 1133 3820 Ppp-
