2542 4350
273 473 337 558 ,ξι
424 463 640 545 JAcont
671 461 974 534 sADoLtt'rr
1067 550 1080 556 .,

278 583 379 649 etque
393 562 514 624 honore
524 553 697 622 beatissimi
713 559 801 620 Petri
818 551 1026 620 conservato
1039 564 1129 641 ,qus
1173 614 1175 621 .

279 675 337 743 per
353 650 481 716 sacrum
495 646 580 710 istud
595 642 784 708 Concilium
801 648 945 728 gerenda
966 643 1046 711 sunt
1060 648 1130 717 ,fir-

280 742 436 806 mitatem
451 737 573 821 semper
584 729 939 799 inviolabilisDetreti
950 734 1133 799 obtineant.

286 831 361 898 Nos
379 827 490 909 itaque
502 824 555 888 ilii
569 819 784 885 fundamento
796 821 919 895 innixi,
934 821 1034 910 super
1046 822 1133 908 quod
1183 834 1186 879 ;

286 919 383 984 Deus
405 910 594 979 universam
611 908 783 972 edificavit
797 910 983 974 Ecclesiam
1001 954 1014 986 ,
1038 913 1135 978 vestra

285 1005 448 1084 justiffimt
470 1015 551 1065 vota
564 1013 664 1080 atque
680 995 811 1061 confilia
834 1018 900 1061 nou
919 997 1035 1064 solum
1051 1021 1136 1066 tom·

283 1091 520 1163 mendatione,
542 1091 573 1154 Su
589 1084 709 1159 laude,
733 1083 790 1151 sed
814 1086 916 1150 etiam
944 1101 1084 1173 paterna
1106 1087 1135 1153 in

281 1200 372 1254 ros,
395 1183 714 1260 &unumquemque
736 1172 877 1238 vestrum
901 1175 1134 1242 benevolentia

281 1264 545 1356 prosequentes,
568 1264 753 1338 volumus,
779 1280 881 1346 atque
901 1264 1135 1342 decernimur,

225 1376 233 1401 t
287 1370 328 1423 ut
338 1354 508 1438 quidquid
526 1353 620 1439 super
635 1353 688 1415 his
707 1351 902 1439 apredistis
926 1351 1067 1439 Legatia
1084 1373 1136 1418 uo·

287 1446 364 1508 siris
381 1489 390 1515 ‚
406 1442 576 1508 vobiscum
594 1462 680 1516 una,
697 1445 759 1505 hoc
770 1441 838 1516 est,
854 1463 927 1504 tuna
945 1439 1035 1508 sacri
1051 1441 1139 1509 istius

287 1531 434 1603 concilii
447 1529 748 1596 communicatione
761 1534 813 1604 ,ἃ
826 1527 948 1596 assensu
963 1530 1070 1595 suerit
1083 1531 1141 1594 sta·

293 1637 431 1694 tutum,
456 1621 489 1683 id
502 1619 658 1708 pientur,
679 1625 710 1688 ἃ
737 1633 926 1707 perpetuant
941 1621 1067 1685 nabere
1088 1639 1143 1685 ro·

294 1710 613 1785 borisfirnritatenr3
640 1707 828 1798 premisit,
853 1728 890 1771 ae
906 1705 985 1773 aliis
1008 1708 1043 1773 in
1060 1728 1144 1772 eon·

292 1799 433 1866 trariuor
451 1798 672 1873 facientibus,
696 1794 981 1862 nonobstantibus
1007 1794 1144 1880 quibus·

299 1909 456 1968 tumque.
466 1889 561 1952 Nunc
575 1889 731 1971 quoniam
740 1885 787 1949 ab
799 1886 852 1950 bis
866 1883 1141 1974 principiis,qurr

299 1979 432 2042 avonis
447 1978 552 2064 posita
570 1981 638 2054 ianr
656 1975 754 2051 sunt,
777 1977 978 2060 repedanda
994 1972 1135 2048 sunttiu

298 2065 490 2130 Christiane
521 2065 695 2129 charitatis
716 2064 994 2138 fundamentum,
1017 2061 1140 2148 reliqua

294 2151 393 2240 plena
407 2149 551 2232 ejusdem
566 2157 615 2228 ,Si
631 2153 769 2239 pietatis
780 2157 829 2227 ,Si
847 2151 1053 2239 prudentie,
1065 2160 1142 2220 bor·

301 2254 413 2304 tantur
426 2262 487 2304 vos
513 2241 546 2302 in
564 2244 733 2319 Domino,
758 2258 795 2304 ut
810 2241 962 2307 divinum
988 2245 1031 2309 de
1045 2242 1141 2308 vobit

297 2327 458 2407 judicium
484 2326 718 2410 agnoscentes,
743 2329 801 2411 qui
819 2329 984 2395 culturam
1008 2334 1144 2395 charissi-

301 2437 361 2480 me
378 2414 439 2480 sue
461 2414 561 2479 viuere
575 2460 585 2491 ,
598 2415 734 2500 ejusque
749 2438 767 2479 a
783 2417 892 2504 pravis
906 2421 1083 2507 veperibus
1096 2423 1147 2498 ,dt

305 2502 410 2593 spinis
427 2505 676 2593 purgationem,
699 2507 814 2572 vestris
830 2508 1026 2593 pot-iffimum
1043 2512 1150 2575 cousi.

302 2591 382 2670 liis,
407 2598 516 2661 vestre
535 2594 739 2683 diligentie,
761 2602 791 2664 di
806 2597 879 2660 fidei
894 2597 1065 2661 commissa
1079 2621 1152 2662 ere·

301 2684 419 2763 didit,
444 2685 556 2750 velitis
570 2701 702 2772 tempus
723 2690 785 2750 hoe
801 2686 1108 2773 opportunissimum
1132 2706 1151 2749 a

303 2775 457 2839 Domino
469 2776 566 2839 vobis
591 2777 731 2850 datum,
756 2775 787 2839 in
803 2796 856 2839 eas
871 2796 969 2838 curas
988 2773 1150 2840 actiones·

301 2884 367 2942 que
389 2862 603 2948 impendere,
626 2888 685 2953 per
700 2885 782 2948 quas
796 2864 949 2949 pristinus
965 2864 1146 2928 Catholicae

303 2949 454 3015 Ecclesiae
484 2949 573 3013 nitor
603 2995 614 3025 ,
639 2953 836 3039 &dignitas
868 2953 1090 3016 Sacerdotaiis
1111 2952 1143 3015 io

300 3038 1146 3194 ziz‘itssz‘issiiszzfflt³¹¹·‘¹⁰²„i?¹if⁰‘r⁰¹¹s?¹23¹3’

644 3153 661 3195 n
701 3155 711 3201 t
737 3154 768 3195 rn
938 3153 989 3195 ee
1049 3152 1067 3191 n
1135 3169 1146 3200 ,

300 3212 547 3299 plurimumque
567 3152 729 3284 liudabiti
743 3151 944 3303 noeqsempir
965 3219 1142 3290 auctores,

302 3306 333 3369 dt
356 3306 591 3389 approbatores
613 3308 759 3373 habituri
772 3306 850 3391 estis
863 3347 873 3368 .
901 3312 1000 3388 ¹54⁶·

371 3482 480 3560 Finis
497 3489 738 3595 Epistularum
757 3486 1045 3585 Pontificiarum
1067 3538 1079 3564 .

1062 3732 1150 3799 ΚΟ·
