2542 4350
280 453 507 523 EPISTOLAE
531 455 828 528 PONTIFICIAE.
929 465 992 540 '191

143 543 322 635 impiatum
340 546 496 613 heresum
514 564 671 634 tanquam
691 551 850 613 malarum
867 548 999 637 planta·

143 657 218 700 rum
249 636 537 720 prohibitionem,
562 639 889 723 extirpationemqoe
914 657 995 727 apta

143 725 207 789 sint
220 739 343 809 ,atque
359 743 556 811 opportuna:
571 747 671 812 quam
686 747 748 791 nos
761 730 899 792 vestram
912 753 994 818 pru.

107 823 110 828 '
143 813 304 886 dentiam,
319 814 551 901 diligentiam,
561 817 755 905 plenamque
771 815 904 882 somme
920 822 993 906 pie.

143 902 228 968 tatis
240 901 449 969 volontatem
465 907 673 971 vehementer
687 907 718 968 itt
734 905 886 970 Domino
899 929 995 973 com·

142 991 366 1060 mendamos.
392 994 476 1059 Cum
492 1012 602 1058 antem
619 993 773 1058 videatur
788 994 991 1060 fraternita-

142 1081 236 1146 tibus
253 1082 368 1147 velitis
384 1081 416 1144 in
434 1081 550 1166 primis
567 1082 599 1145 id
614 1083 655 1145 ad
669 1085 749 1147 banc
765 1105 831 1148 rent
844 1084 994 1170 pertine-

142 1191 202 1244 te,
227 1184 265 1234 ttt
279 1168 399 1234 celeste
416 1169 504 1232 illud
523 1171 684 1236 laetarum
709 1171 897 1237 litterarum
923 1173 993 1239 do·

141 1280 248 1331 num,
272 1281 339 1343 quo
357 1258 422 1323 Dei
441 1259 686 1347 omnipotentis
712 1259 895 1327 liberalitas
919 1276 992 1328 tota

143 1345 177 1412 in
194 1367 253 1412 uos
273 1343 371 1412 effosa
387 1349 452 1422 ert,
468 1348 529 1413 rite
547 1364 644 1435 atque
665 1346 771 1415 sancte
785 1351 991 1425 celebretur,

140 1452 353 1510 exerceatur,
381 1437 411 1500 in
429 1439 578 1503 manibus
590 1437 762 1514 omniunt,
786 1439 896 1522 quoad
916 1439 987 1505 fieri

139 1526 269 1611 potest,
293 1529 369 1596 &in
391 1523 520 1590 summo
543 1528 629 1613 apud
649 1548 764 1592 omnes
790 1529 913 1592 honore
928 1533 990 1592 ha.

139 1616 283 1692 beatur3
309 1618 341 1681 itt
360 1617 548 1681 eorumdem
567 1616 764 1701 Legacorum
785 1615 909 1680 litterit
930 1637 990 1680 to·

139 1707 329 1790 gnouimus,
344 1706 484 1769 statuere
499 1726 559 1769 vos
575 1707 722 1790 cogitare
735 1704 904 1768 nonnulla.
916 1725 987 1787 que

139 1794 183 1856 ad
218 1797 405 1882 augendum
433 1791 573 1877 ipsarum
600 1792 763 1859 sacratum
800 1791 990 1861 litterarum

139 1881 284 1946 studium
299 1905 311 1962 ς
336 1881 527 1966 animosque
541 1885 740 1954 hominum,
762 1883 790 1948 ἃ
810 1881 851 1943 ad
866 1881 990 1948 docen-

141 1971 221 2034 dom
239 1973 339 2048 illas,
352 1977 381 2040 Sc
396 1971 640 2037 addiscendum
656 1970 759 2055 magis
773 1989 990 2037 commoven-

140 2062 204 2124 dos
225 2063 388 2148 pertinere
405 2063 518 2145 potiittt
531 2084 541 2139 ς
555 2080 602 2134 ut,
617 2064 656 2126 de
672 2059 863 2124 Proebeodie
878 2059 989 2146 primo

140 2152 307 2217 vacaturis
320 2154 362 2217 ad
374 2150 550 2234 Magistros
564 2150 726 2217 sacrarum
742 2149 920 2213 ieelionum
937 2152 990 2217 de.

140 2243 285 2309 ferendis
299 2285 308 2315 ,
321 2246 361 2308 de
373 2240 590 2325 Regularibut
604 2285 614 2315 ,
628 2238 769 2324 aliisque
787 2242 989 2306 Proeuicato.

139 2331 254 2404 ribus,
279 2350 410 2397 necnon
428 2330 646 2395 Ecclefiarom
662 2329 904 2398 parochialium
929 2333 990 2393 Sa·

139 2420 331 2486 tetdotibus
347 2466 357 2497 ,
376 2417 456 2482 item
475 2420 514 2481 de
528 2420 716 2506 exemptis,
739 2422 767 2483 br
784 2419 804 2480 st
827 2441 897 2502 qooe
913 2416 989 2485 sunt

140 2507 203 2573 alia
220 2513 280 2574 hot
294 2529 408 2597 genere
423 2513 591 2583 conjuncta
607 2554 616 2580 ,
632 2511 672 2570 de
687 2506 809 2590 quibus
823 2508 855 2571 in
872 2509 988 2582 vestris

139 2596 496 2664 consultationibusnr
513 2597 546 2657 di
553 2596 800 2681 sputatumthaec
812 2596 899 2656 enim
911 2616 989 2657 om-

138 2686 194 2752 nia
209 2686 406 2771 scripserunt
418 2683 459 2744 ad
472 2704 530 2746 nos
543 2727 553 2758 ,
565 2686 596 2748 in
612 2683 726 2749 uetitis
744 2701 827 2744 nunc
840 2682 988 2746 consiliis

139 2769 986 2859 congregationibusquetrattatisedquoniamali.

141 2884 206 2947 qua
220 2887 260 2929 ex
271 2864 323 2927 bis
341 2862 470 2926 fortalie
483 2905 492 2933 ,
505 2882 575 2944 quoe
591 2863 630 2923 ad
647 2859 841 2925 medentium
854 2875 987 2944 pertor.

141 2951 269 3018 bariani
286 2970 472 3038 tempotum
486 2951 626 3036 Spiritus
639 2950 774 3014 sinens
786 2967 803 3011 a
817 2948 913 3011 vobit
927 2949 988 3013 sta·

140 3041 193 3105 trti
217 3056 372 3125 oportere
387 3038 611 3114 demonstrat,
635 3054 693 3102 aut
707 3037 770 3116 iuri
794 3038 986 3116 communi,

141 3127 329 3196 &aliorum
354 3126 584 3195 conciliorum
609 3126 904 3200 ordinationibus,
928 3140 988 3193 aut

142 3218 246 3281 etiam
263 3217 451 3307 privilegiis
475 3220 515 3281 ab
532 3216 722 3303 Apostolica
736 3218 816 3281 Sede
836 3218 986 3282 conectis

141 3305 253 3388 aliqua
281 3309 312 3370 in
327 3323 418 3391 parte
434 3306 588 3384 ridentur
606 3321 823 3395 repugnatura
839 3349 848 3378 ,
863 3307 987 3369 vestras

142 3395 381 3458 fraternitates
397 3395 908 3484 desideraresignificaverunt‚uc
926 3413 986 3458 not

141 3481 184 3546 iis
199 3503 270 3564 qun
290 3504 304 3544 a
322 3483 417 3570 vobis
433 3480 505 3547 lunt
521 3483 550 3548 in
566 3492 626 3549 hoc
642 3505 754 3568 genere
767 3484 987 3556 decernenda,

139 3571 284 3636 nostrum
305 3568 494 3635 consensum
512 3577 560 3646 ‚Sc
572 3574 801 3636 auctoritatem
816 3569 987 3655 Apostoli-

140 3681 184 3728 ee
198 3658 446 3751 approbationis
462 3661 678 3745 adjiceremus
690 3682 702 3742 ς
714 3676 751 3726 ut
766 3665 835 3745 iure
848 3659 987 3743 semper,

886 3761 988 3832 atque
