2542 4350
338 528 414 599 131²
439 528 553 601 ls'r
578 533 610 601 0
636 533 661 599 L
686 534 746 596 Ε.
922 553 967 622 27

90 606 92 645 ¹
128 628 206 692 Non
222 620 348 694 iatine,
369 642 436 687 non
450 636 662 695 ornate,non
677 622 823 687 distiniie
841 616 872 687 se
887 618 972 691 scri.

90 720 92 777 ζ
130 714 206 778 bere
230 713 449 799 profitentur.
471 711 565 778 Nihil
589 711 764 776 commode
789 710 969 786 definiunt,

90 783 92 825 '
130 801 216 865 nihil
235 799 320 865 reale
332 797 523 885 partiuntur
537 799 641 873 ,nibil
655 814 730 885 apte
746 797 972 878 concludunt,

90 877 92 918 ¹
131 886 258 953 nullam
282 887 423 969 denique
452 903 629 954 artemoec
653 887 807 962 dicendi,
832 906 887 952 oec
902 886 973 954 dis·

131 973 256 1043 serendi
277 975 336 1041 effe
353 987 470 1063 putant
484 1021 497 1041 .
519 980 586 1044 Nec
599 995 677 1040 vero
689 975 879 1062 capessendo
893 977 974 1042 Rei-

90 1052 93 1093 Ι
132 1063 271 1152 publicu
292 1067 322 1131 St
347 1063 557 1150 gerendarum
574 1084 682 1128 rerum
706 1064 815 1128 studio
832 1065 974 1149 flagrant

133 1152 283 1216 hominen
320 1150 499 1217 inertiffinri
531 1166 631 1235 atque
663 1151 862 1238 turpiffinri:
888 1172 975 1236 que·

134 1241 201 1304 stus
215 1237 395 1325 cupiditate
409 1238 549 1316 incenit,
565 1239 617 1303 illi
632 1239 665 1306 se
681 1239 789 1305 studio
802 1253 894 1305 totoe
912 1242 977 1304 ad·

95 1332 101 1342 '
137 1329 278 1393 dicunt.
302 1329 417 1411 Itaque
453 1342 524 1395 tum
547 1326 676 1394 inscitia
701 1372 712 1405 ,
735 1344 809 1394 tuor
832 1329 978 1395 avaritia

135 1431 376 1588 {bittit}
392 1416 978 1576 ttzttriiffisitbi‘itt

136 1595 226 1657 ditm
262 1593 584 1677 contemtionemque
606 1593 852 1668 adduceretur,
872 1607 978 1677 atquo

138 1699 175 1745 ur
192 1682 236 1745 rb
256 1698 295 1743 ec
315 1681 572 1768 prostantiffimo
596 1681 747 1767 quisquis
768 1681 899 1768 ingenio
915 1686 981 1749 ab·

134 1775 311 1843 horreret,
334 1769 423 1852 quod
441 1767 516 1839 fine
533 1769 654 1833 mirum
675 1791 738 1835 non
761 1771 832 1834 est.
857 1772 976 1839 Nam..

138 1879 211 1921 cunr
227 1860 243 1928 J
248 1877 286 1921 us
298 1857 407 1922 Civile
421 1871 485 1924 non
499 1879 538 1922 ex
555 1856 637 1922 solis
654 1858 748 1923 libris
764 1857 885 1945 percipi
899 1857 979 1944 pos·

139 1947 205 2017 srt,
230 1944 284 2010 sed
310 1945 419 2011 iumen
441 1944 578 2030 aliquod
614 1947 985 2032 lucemqoedesrderet.

139 2032 150 2097 i
157 2035 192 2098 sti
206 2077 216 2107 ,
231 2034 352 2117 quibut
374 2034 550 2099 neceffario
562 2035 796 2110 interpretibus
812 2050 951 2102 utuntur
967 2078 983 2114 ,

138 2124 162 2189 fi
177 2123 233 2209 qui
245 2125 261 2194 J
267 2123 333 2189 urin
346 2121 468 2189 civilio
483 2123 593 2189 studio
612 2138 762 2190 tenentur
780 2167 791 2199 ,
814 2145 877 2191 non
904 2144 982 2189 nro.

138 2212 184 2275 'do
203 2210 291 2297 leger
313 2232 376 2277 non
389 2212 583 2296 explicant,
606 2227 707 2297 atque
724 2213 889 2280 illustrant
904 2210 983 2287 ‚sed

139 2304 170 2368 dr
202 2302 365 2365 maximae
389 2298 460 2366 iliie
474 2299 600 2367 inscitia
627 2300 683 2367 sua
700 2306 848 2369 tenebras
873 2305 985 2370 offun-

141 2390 229 2453 dunt
253 2432 263 2453 .
289 2392 407 2473 Itaque
429 2404 558 2454 tanturn
582 2390 669 2455 abest
694 2437 706 2468 ,
729 2407 767 2457 ut
790 2393 900 2481 pigeat
930 2414 985 2459 ore

139 2477 227 2551 Jurie
243 2476 363 2544 Civilis
379 2478 524 2543 studium
539 2477 725 2561 reliqniffe,
749 2495 787 2543 ut
804 2486 833 2545 St
848 2502 986 2565 magno·

147 2587 223 2652 pere
250 2565 382 2630 doleam
398 2609 409 2640 ,
433 2586 485 2631 me
502 2565 534 2630 io
550 2564 614 2627 iilo
628 2567 714 2653 perci
740 2567 838 2632 iendo
853 2584 985 2633 tanturn

145 2651 308 2738 temporie
346 2667 446 2738 utque
467 2673 573 2739 opero
596 2653 691 2741 posui
720 2676 763 2733 e,
786 2656 907 2743 quippe
922 2657 982 2741 qui

147 2740 314 2831 potuerim
350 2744 414 2819 jam
442 2740 575 2825 aliquos
609 2741 642 2806 in
673 2746 829 2809 bonarum
860 2745 985 2813 artium

147 2827 265 2895 studiis
287 2828 470 2913 progress'ur
488 2829 630 2894 babere.
655 2832 719 2897 Sed
733 2830 981 2915 obsequendum

149 2919 215 2983 fuit
234 2917 449 3001 parentibor,
472 2916 633 3005 gerendus
660 2940 734 2985 rnoc
759 2920 900 2997 amicir,
925 2921 986 3006 qui

148 3005 232 3073 nihil
248 3004 308 3067 effe
323 3003 510 3091 preclarior
524 3048 536 3082 ,
584 3024 658 3071 uam
670 3008 742 3081 Juri
761 3008 862 3076 Civili
877 3010 990 3075 stude·

150 3116 184 3161 re
210 3090 292 3158 mibi
311 3113 412 3180 puero
443 3028 687 3181 personarent·
712 3098 774 3165 Sed
793 3111 829 3161 ut
846 3097 990 3186 primurn

151 3179 311 3262 judicium
326 3184 430 3249 facere
497 3182 573 3258 tui,
597 3205 668 3269 que
684 3183 817 3265 studia,
842 3208 912 3272 quoe
931 3209 991 3253 at·

154 3287 229 3346 tes,
254 3290 324 3355 que
340 3266 444 3355 discip
461 3272 519 3337 iore
538 3272 626 3339 virm
660 3293 698 3338 ac
726 3274 887 3341 rationem
910 3276 991 3341 bene

156 3363 314 3443 beateque
334 3358 468 3425 vivendi
482 3360 667 3437 docerent,
691 3358 905 3449 philosophie
930 3362 992 3428 sci·

154 3446 257 3520 licet,
281 3458 380 3532 atque
407 3467 516 3511 earum
542 3448 664 3513 arrium
691 3493 702 3523 ,
735 3469 818 3533 quae
840 3449 987 3539 optimae

155 3548 277 3600 vocant
302 3577 313 3608 ,
335 3534 445 3598 studio
470 3540 604 3619 flagrare
636 3537 756 3603 mirum
783 3538 815 3602 in
851 3541 990 3604 modum

157 3622 270 3707 coepi;
294 3622 376 3700 juris
401 3641 437 3688 ac
467 3626 574 3710 legum
607 3624 805 3712 interpretes
828 3667 839 3697 ,
862 3627 919 3714 qni
942 3628 995 3692 ni.

156 3709 206 3775 trit
228 3709 321 3777 aliud
344 3755 357 3791 ,
382 3730 480 3803 quam
506 3713 661 3866 iitigarpqi
691 3714 867 3801 qnamdam
903 3714 993 3867 ripun

669 3821 687 3866 n
955 3819 1002 3865 o-
