2542 4350
294 502 360 570 m
452 479 664 560 socom
695 479 1011 552 stnotm

293 573 442 659 sequaris
458 595 557 658 atque
581 576 741 648 adjuver,
766 590 799 637 te
824 573 927 635 debet
956 570 1146 663 impellere)

292 667 403 732 Istoue
423 666 550 728 aceedit
568 709 578 736 ‚
594 662 629 722 id
643 664 732 744 quod
748 662 903 747 preclare
915 683 982 748 pro
996 683 1058 729 tua
1076 688 1148 753 pru·

291 756 404 818 deurit
417 751 580 836 iutelligit
598 795 608 823 ,
623 768 660 813 ot
677 754 734 813 oisr
755 749 893 814 illorum
906 753 1088 820 homiuum
1102 757 1148 820 su·

290 861 348 908 ror
374 842 476 909 rr'uis
501 842 724 926 reprimatur,
747 839 966 922 quandoalit
994 844 1067 906 ulla
1084 848 1145 921 iam

290 933 423 996 atione
441 932 509 994 fieri
523 930 557 992 id
571 931 712 1013 nequit,
735 929 886 992 omnium
905 930 1149 997 Ecclesiastico·

293 1040 369 1084 tum
387 1021 576 1104 Principum
601 1019 722 1082 inillis
746 1019 939 1102 regionibus
957 1065 969 1092 ,
994 1043 1063 1086 non
1079 1023 1142 1086 for.

296 1121 384 1173 tuoe
402 1108 533 1186 solum,
557 1113 586 1173 dr
603 1108 749 1171 dominia
765 1149 776 1179 ,
801 1105 857 1170 sed
871 1105 942 1192 ipsa
967 1109 1078 1174 etiam
1101 1107 1148 1174 sa.

298 1196 379 1272 lue,
401 1201 429 1262 dr
450 1197 666 1269 incolumitas
685 1200 717 1259 iu
733 1194 863 1260 summo
876 1193 1077 1263 discrimine
1098 1223 1149 1284 pr.

299 1287 471 1370 tituloque
486 1284 653 1349 versetur.
715 1287 902 1348 uamobrem
918 1302 984 1358 ‚ut
999 1291 1067 1351 hoe
1085 1287 1149 1352 bel.

300 1374 372 1439 lum
396 1374 531 1460 quantis
555 1375 680 1461 poterit
710 1375 924 1439 multatibus
939 1379 1039 1451 jures
1053 1420 1065 1448 ‚
1090 1392 1147 1446 tu

298 1465 424 1540 etiam,
448 1485 549 1548 atque
564 1468 665 1528 etiam
691 1463 722 1528 io
737 1463 888 1529 Domino
900 1468 1147 1544 cohortamurt

297 1554 579 1637 quemadmodum
593 1572 625 1618 te
639 1551 797 1616 saelorum
814 1551 874 1615 elle
891 1553 1032 1617 minime
1051 1555 1148 1618 dubi·

298 1655 431 1709 tamus.
456 1642 550 1708 Nihil
562 1645 607 1710 est
628 1642 792 1726 profesto,
816 1641 907 1724 quod
920 1658 982 1705 aut
997 1660 1034 1705 ru
1051 1641 1151 1710 Chri·

299 1731 406 1794 stiaoo
427 1732 552 1796 nomini
574 1730 751 1796 salutarius
764 1773 775 1803 ,
797 1748 855 1793 tut
877 1731 946 1794 tois
972 1733 1148 1807 fortunis,

298 1831 431 1904 tueque
455 1818 553 1885 saluti
577 1820 785 1884 defendetde
809 1818 915 1903 magio
931 1821 1148 1887 necessarium

296 1907 401 1973 sarcre
424 1912 541 1996 pollis:
568 1931 671 1992 neque
686 1909 822 1972 dubium
844 1907 905 1972 else
924 1909 1026 1972 debet
1042 1952 1055 1984 ,
1069 1910 1148 1994 quio

186 2074 190 2083 ι
297 1997 394 2063 Deus
417 1999 627 2084 omnipotens
643 2041 652 2071 ,
678 2005 768 2075 cujus
784 2001 844 2059 hoc
859 1995 948 2060 bello
962 1995 1148 2084 religioso,

296 2088 327 2150 ἃ
344 2086 438 2151 lidee
451 2084 626 2149 Catholict
641 2131 652 2161 ,
676 2109 716 2150 eo
731 2085 802 2173 ipso
816 2086 970 2158 auctore,
995 2086 1148 2150 defendi·

297 2187 376 2251 tur,
399 2172 500 2237 causae
525 2191 589 2236 tuae
619 2180 729 2240 r'autor
754 2169 985 2260 propitiusque
1010 2177 1146 2241 futurus

294 2261 357 2333 lit,
382 2266 409 2326 dr
439 2260 623 2343 Religionis
650 2259 712 2324 sue
737 2264 1039 2346 propugnatoribus
1064 2270 1146 2334 ea&

296 2352 329 2416 io
343 2347 445 2421 caelo,
469 2354 498 2413 ἃ
514 2348 545 2411 iu
572 2348 672 2411 terris
686 2351 818 2436 premia
835 2351 1048 2425 tributurus,
1075 2374 1143 2436 quo

297 2434 374 2504 suot
388 2436 537 2503 omnium
553 2438 697 2503 maxima
711 2454 810 2522 atque
823 2439 1028 2524 ampliffima.
1045 2452 1143 2521 1346.

297 2645 418 2716 CXIV.
487 2654 559 2717 An
595 2626 920 2715 eouc'rrruu.

398 2797 588 2863 Enerabiles
609 2798 757 2864 Fratres.
782 2796 1057 2884 significaverunt
1076 2824 1140 2869 no·

409 2888 458 2951 bis
480 2887 578 2947 nostri
600 2888 641 2949 de
664 2886 765 2949 latere
781 2886 917 2971 Legati,
942 2890 1001 2973 qui
1025 2889 1139 2956 fauste

292 2972 346 3036 iili
374 2974 509 3058 Synodo
522 2976 653 3037 nomine
678 2977 789 3041 nostro
805 2976 996 3060 praesrdeut,
1021 2979 1074 3041 vel
1106 2983 1139 3046 io

297 3082 437 3145 quorum
464 3060 608 3146 personis
629 3064 742 3147 potius
765 3084 849 3137 nos,
876 3085 948 3129 cura
970 3072 997 3133 ἃ
1022 3070 1140 3133 affeetu

291 3147 516 3214 conservande
541 3172 626 3236 purae
652 3152 1069 3236 immaculataequeChristi
1093 3159 1134 3220 fi.

288 3236 366 3309 dei,
390 3239 614 3323 &Religionis
634 3246 838 3323 presidemus
851 3263 863 3319 ς
874 3264 933 3306 vos
953 3245 1047 3308 velut
1059 3245 1137 3331 pios

285 3327 471 3412 probosque
489 3330 588 3391 vineae
602 3332 741 3405 Domini
757 3331 922 3406 cultores,
947 3356 1010 3398 oon
1024 3333 1135 3399 solum

288 3433 325 3479 ta
346 3418 490 3501 cogitare
505 3439 574 3500 quae
590 3418 776 3505 presentem
793 3421 933 3485 fructum
950 3424 1060 3487 nostro
1076 3422 1136 3489 sae·

289 3503 366 3567 culo
387 3506 521 3569 afferant
532 3554 543 3585 ,
569 3507 734 3572 sedetiam
751 3510 844 3593 longe
861 3509 893 3575 in
906 3510 1135 3597 posteritatem

290 3593 475 3679 providere,
492 3612 529 3657 ut
547 3617 583 3659 ea
597 3594 721 3683 semper
734 3616 886 3678 agantur,
901 3611 1133 3685 curenturq'ue,
1167 3600 1171 3614 ‘

288 3686 401 3769 que&
417 3684 459 3770 &d
476 3683 734 3756 stabilimentum
746 3686 928 3779 Catholicae
941 3688 1030 3765 fidei,
1041 3688 1130 3793 &ud

1067 3796 1133 3843 rm·
