2542 4350
517 509 602 589 Vr
635 534 666 590 τ
699 536 752 592 n.
974 519 1059 604 xvii

224 616 328 732 pulis
360 615 448 703 fidei
481 621 557 704 suae
585 624 743 708 creditis
779 623 872 710 boni
903 632 941 713 8(
972 629 1068 718 dili·

223 738 355 850 gentis
384 739 570 852 Episcopi
610 745 785 826 officium
810 746 1056 857 praestaret:

222 882 352 964 neque
384 858 621 970 principibus
652 864 852 973 amplius,
884 864 949 947 sed
972 873 1064 950 Deo

223 974 325 1079 uni,
357 978 396 1057 8(
428 973 650 1060 retlilsimis
681 978 754 1062 suis
785 978 914 1065 studiis
945 984 1062 1069 inser·

221 1088 368 1174 vitei.
410 1101 613 1207 Exceptus
654 1096 708 1179 ell
738 1097 933 1182 adventus
973 1103 1057 1212 ejus

220 1211 401 1292 maxima
432 1213 570 1297 latitia
603 1218 642 1298 8(
674 1218 940 1328 gratulatione
973 1220 1063 1304 illo-

219 1355 313 1412 rum
340 1331 579 1416 hominum:
613 1356 768 1418 tantam
789 1335 864 1420 illis
887 1335 967 1443 jam
989 1338 1058 1421 ab·

218 1444 306 1529 sens
341 1444 389 1528 de
431 1447 768 1561 scopinionem‚
808 1451 1051 1565 expestatio·

221 1591 396 1674 nemque
418 1594 692 1653 commoverat
716 1602 725 1653 :
746 1571 809 1654 cui
828 1595 962 1656 tamen
984 1603 1053 1658 ex·
1121 1626 1127 1642 ι

216 1680 435 1793 pesbationi
468 1684 599 1792 postea
630 1688 784 1797 egregie
826 1687 1010 1773 satisfecit
1031 1750 1051 1805 ι.

218 1804 330 1882 Nam
363 1802 399 1880 8(
433 1802 546 1881 rebus
576 1799 720 1883 divinis
756 1806 1006 1914 procurandis
1038 1869 1051 1915 ,

217 1920 257 1999 8(
291 1917 382 1999 vitae
401 1915 660 2025 innocentia,
692 1922 731 2003 8(
762 1918 984 2007 admirabili
1010 1923 1053 2009 in
1160 1946 1166 1952 ’

217 2033 355 2146 primis
387 2035 555 2144 quadam
577 2037 618 2118 in
649 2064 712 2118 eos
743 2038 927 2122 homines
958 2043 1051 2126 cha·

216 2153 368 2260 ritate,
397 2155 541 2266 optimi
573 2157 613 2243 8(
643 2156 918 2266 religiosissimi
953 2165 1052 2274 Epi·

216 2271 316 2382 scopi
351 2300 495 2355 munus
512 2273 639 2356 obiit.
671 2275 787 2357 Vixit
818 2276 857 2362 in
890 2306 935 2360 ea
954 2282 1050 2364 vitae

219 2392 354 2495 quiete
383 2418 427 2471 ac
473 2390 759 2498 tranquillitate
800 2396 930 2501 quoad
963 2403 1049 2481 Ha·

214 2505 370 2590 drianus
390 2507 575 2590 Pontifex
593 2509 800 2590 Maximus
819 2571 832 2614 ,
862 2513 932 2618 qui
947 2520 1053 2599 Leo·
1153 2579 1156 2586 »

215 2625 258 2708 ni
288 2624 511 2712 successerat.
542 2685 560 2733 ‚
590 2623 731 2711 vixit.
763 2633 907 2713 creato
938 2631 1078 2718 enim·

961 2749 1048 2863 post

212 2902 269 2955 quae
289 2896 363 2938 extat
381 2890 461 2939 rom.
484 2904 509 2940 r.
533 2884 676 2953 Epirotae.
701 2885 864 2953 edl’tincip.
888 2888 1044 2939 Sanotm

214 2965 300 3014 Romi
315 2963 497 3030 migrationem
511 2964 592 3015 veluti
614 2962 751 3016 inflantem
763 2964 904 3015 describere
918 2965 1050 3029 videtur,

211 3056 271 3090 euru
287 3043 407 3108 preclaro
424 3040 537 3099 eiusdem
549 3040 621 3092 utbie
634 3056 694 3106 erga
714 3057 773 3092 eum
796 3041 984 3091 benevolentia
1007 3053 1048 3093 te.

213 3116 337 3167 stimonio
350 3118 417 3169 bisce
427 3117 531 3169 verbio.
543 3148 566 3181 „
579 3121 629 3168 Por
644 3117 662 3168 il
676 3116 762 3168 nostro
773 3115 947 3169 mantiffimo
960 3118 1047 3168 Mon»

212 3224 237 3259 ,‚
258 3194 341 3261 srgnor
360 3198 522 3247 saonem
537 3195 563 3243 se
585 3210 616 3245 ne
635 3196 667 3246 vl
684 3210 733 3244 eon
746 3196 846 3244 stimmo
865 3194 1005 3260 displicere
1018 3192 1050 3244 di

211 3301 238 3336 2,
257 3271 341 3339 quella
362 3286 456 3326 corte.
481 3272 592 3323 teredo
611 3270 657 3321 the
670 3272 695 3321 l'e
714 3272 740 3323 in
762 3272 841 3340 quelli
855 3271 970 3338 tempisi
995 3271 1050 3321 set·

212 3380 238 3413 ,‚
258 3348 322 3399 valle
343 3342 591 3400 l'usanaaenticadi
612 3359 698 3398 motet
718 3352 741 3399 le
755 3348 815 3398 velli
837 3365 880 3413 pet
907 3348 1055 3414 mestitia,

211 3456 236 3490 „
256 3424 307 3488 egli
322 3442 373 3476 uon
384 3428 502 3478 troveeie
513 3426 579 3475 forse
593 3440 691 3475 mento.
705 3427 731 3474 di
746 3426 884 3475 ventinula
898 3423 1016 3475 huomini
1038 3454 1050 3488 ,

210 3532 236 3568 >t
257 3502 303 3551 ebe
318 3504 344 3551 lo
362 3504 502 3566 fuciano,
522 3502 624 3552 ficone
637 3505 714 3554 trovb
734 3504 778 3553 M.
795 3501 907 3551 Tullio.
930 3510 992 3555 pare
1014 3502 1046 3552 ed

210 3608 240 3643 ‚,
258 3578 320 3643 ogni
335 3578 431 3631 buomo
442 3582 475 3630 de
489 3580 572 3642 bene,
591 3577 637 3627 clu
651 3579 675 3627 la
686 3578 786 3629 bourie
800 3578 824 3625 le
838 3576 908 3627 virtb
920 3576 945 3625 di
962 3580 1049 3629 Roma

210 3686 241 3719 υ
261 3655 284 3703 se
304 3671 334 3705 ne
355 3657 420 3710 reda
443 3657 546 3709 insieme
564 3670 616 3705 eoo
637 3654 682 3706 sua
699 3652 819 3720 Signotie
839 3682 850 3718 ,
879 3652 912 3702 ed
932 3652 963 3702 in
984 3666 1051 3719 veto

219 3761 246 3798 ᾖ
263 3734 339 3787 {olid
354 3764 365 3782 ι
