2542 4350
291 526 516 596 rrrsrotn
539 524 834 598 PONTIFICIAEJ
928 538 994 621 rip

153 614 284 684 differre
305 614 515 705 nequivimus
537 661 549 694 ,
584 617 664 703 quin
689 619 833 704 aliquem
862 618 905 685 ad
930 636 994 690 vot

149 705 315 773 Noncium
338 710 571 786 mitteremus,
597 708 654 790 qu'i
673 729 747 773 cum
774 728 889 775 omues
909 710 997 778 iuter

148 813 346 947 :Stetit
361 797 812 949 :fflit‘z'iz’tfflt’nit
830 798 998 957 ‘iiiii‘

151 990 330 1054 rerumque
354 908 555 1039 acessionem
586 929 728 1061 spe’ttare
751 909 878 1039 videgree
901 1020 912 1051 ‚
935 932 1000 1045 oo,-

147 1057 241 1133 stro,
265 1062 296 1127 u
319 1062 418 1140 hujus
445 1059 558 1127 saneta
576 1062 671 1125 Sedis
685 1061 816 1127 nomine
839 1082 1000 1148 procure-

147 1160 222 1213 ret.
247 1148 331 1213 Cum
346 1169 426 1215 vero
439 1169 514 1213 eum
530 1150 590 1215 eise
602 1148 771 1215 hominem
786 1165 997 1236 optaremus,

146 1233 207 1317 qui
221 1253 285 1300 oon
303 1239 400 1303 nobie
414 1238 516 1301 modo
532 1238 610 1323 ipsre
625 1282 638 1313 ,
663 1233 719 1304 sed
734 1240 830 1303 nobie
847 1260 997 1327 quoque,

147 1326 179 1390 ἃ
195 1338 333 1406 gratur,
357 1330 386 1394 ἃ
406 1326 565 1412 probetur
596 1327 708 1403 foret,
731 1348 804 1392 ven.
832 1328 884 1393 Pr·
910 1332 995 1419 Epi.

123 1409 286 1498 'scopum
322 1413 525 1480 Verulanum
549 1415 747 1502 potiffimum
776 1415 959 1502 delegimus
983 1463 995 1498 ,

150 1500 204 1566 cui
224 1503 281 1567 etsi
301 1502 530 1569 mandavimus
543 1547 554 1578 ,
566 1517 604 1567 ut
618 1504 660 1570 ad
675 1506 738 1568 hoe
750 1504 893 1570 nostrum
907 1549 919 1581 ,
935 1526 996 1594 pe.

147 1587 198 1653 eie
225 1591 357 1667 vestre,
382 1592 576 1666 commodi,
599 1596 630 1660 δι
660 1591 835 1678 diguitatis
856 1594 994 1681 expleo.

143 1675 225 1743 dum
243 1679 468 1756 defiderium,
490 1699 704 1764 amoremque
724 1698 801 1765 erga
827 1702 889 1747 voe
910 1704 994 1768 qua.

145 1787 286 1852 eumque
301 1770 334 1834 in
360 1790 395 1834 re
407 1791 493 1857 opur
518 1769 618 1833 fuerit
640 1767 873 1835 declarandum
898 1773 991 1841 omui

145 1874 247 1943 opera
270 1901 280 1931 ,
303 1858 413 1921 studio
438 1901 449 1932 ,
473 1858 654 1923 affiduitate
678 1857 846 1922 incumbat
867 1879 881 1936 ,-
904 1857 995 1930 idem

146 1956 257 2011 tamen
271 1944 329 2011 sua
343 1946 442 2032 ipsroe
455 1945 594 2036 sponte,
618 1943 828 2031 quadamque
842 1964 916 2034 erga
929 1968 992 2015 vor

142 2031 248 2099 animi
268 2037 479 2121 propensione
494 2056 569 2102 eum
594 2037 656 2102 eise
673 2035 833 2101 initurum
845 2055 912 2101 noo
925 2036 991 2104 du·

144 2121 317 2188 bitamue.
340 2121 519 2191 Hortamur
543 2122 647 2210 igitur
661 2141 722 2191 vot
734 2163 746 2197 ,
770 2136 809 2189 ut
832 2144 873 2190 eo
887 2123 989 2193 ilium

142 2211 277 2277 nomine
305 2214 482 2299 excipere,
505 2228 605 2296 atque
628 2214 741 2279 animo
760 2212 874 2279 veiitie
885 2255 897 2288 ,
921 2235 992 2301 quo

142 2317 161 2363 a
183 2301 281 2367 nobie
305 2301 349 2370 est
374 2302 510 2380 miffue,
533 2306 563 2370 ἃ
586 2323 643 2390 per
668 2300 785 2387 seipse
808 2302 853 2367 est
876 2306 989 2390 profe·

141 2389 243 2469 etum
270 2389 302 2455 in
321 2386 431 2475 eisque
458 2391 744 2463 reburomnibue,
768 2411 852 2475 quae
873 2392 990 2461 vobis-

140 2494 306 2562 conteget
323 2480 420 2546 iidem
432 2498 565 2544 omnem
580 2479 751 2565 prestare.
775 2482 860 2544 Nam
876 2483 990 2565 ,quod

141 2570 185 2632 ad
211 2582 318 2632 cetera
343 2566 487 2641 attinet,
511 2567 575 2629 srue
597 2566 702 2630 vestre
722 2562 870 2649 ipsorum
893 2611 903 2641 ,
928 2567 986 2636 seu

139 2654 273 2730 nostre,
297 2652 457 2722 &santio
478 2652 572 2718 Sedis
595 2651 720 2738 agenda
743 2653 784 2715 sut
801 2672 851 2719 rer
863 2696 874 2726 ‚
898 2654 986 2721 nihii

143 2763 288 2827 unquam
304 2761 322 2804 a
346 2740 443 2806 vobie
457 2741 726 2829 expectavimus,
748 2739 807 2805 nist
822 2743 913 2822 quod
937 2745 981 2810 ab

141 2828 449 2905 observantiiiimir,
471 2836 501 2898 8r
513 2828 652 2914 optimis
668 2832 698 2892 S.
712 2831 754 2895 R·
766 2829 806 2894 Ε.
821 2829 900 2895 fiiiie
921 2852 985 2900 ex·

141 2920 262 3009 periuri
278 2920 400 2993 debet,
422 2921 580 3004 quodque
595 2919 638 2984 iie
651 2918 787 3003 dignum
801 2921 841 2984 sut
854 2919 984 3002 eituiie,

139 3013 171 3077 ἃ
185 3008 388 3084 honoribus,
410 3009 613 3094 quoevestra
638 3006 791 3094 fingulari
806 3009 869 3072 fide
894 3031 980 3098 pru.

139 3098 303 3181 stantique
317 3099 470 3164 virtutea
485 3097 620 3166 summis
633 3096 792 3167 Romanis
809 3100 981 3166 Pontifici·

142 3187 205 3252 bue
221 3188 509 3256 Predereii'oribur
529 3188 671 3263 nostrie,
695 3184 886 3272 anobisque
910 3212 981 3255 me.

142 3275 253 3341 ruistis
269 3297 281 3352 ς
304 3276 398 3341 ficuti
411 3281 450 3342 de
467 3280 518 3343 hie
529 3282 583 3353 ,ἃ
601 3277 677 3343 aliie
693 3277 780 3340 idem
795 3275 982 3366 Episcopue

141 3364 293 3451 pluribus
309 3365 354 3428 est
368 3365 536 3432 vobiscum
552 3370 700 3438 acturum
727 3367 853 3435 Datum
863 3369 978 3440 Romu

142 3453 211 3521 Die
226 3474 278 3516 η.
296 3453 430 3536 Augusti
449 3476 543 3541 ¹53⁸·

228 3541 472 3612 crenemvu.
