2542 4350
311 502 394 565 txx
483 481 675 591 Jnconr
707 474 994 558 Snootnrr

312 602 392 685 alio
422 594 616 706 quopiam
649 615 890 676 ornamento
930 614 1066 704 atque
1100 589 1170 678 ho·

316 745 412 805 nore
443 713 583 820 affici,
624 710 872 825 cupidiffime
914 712 954 797 ei
1001 741 1052 798 ac
1096 712 1170 798 stu·

314 835 523 925 diosrffime
553 833 757 917 favebat.
798 838 947 944 Itaque
977 834 1170 947 complu·

316 986 378 1044 res
416 950 593 1068 egregios
635 956 677 1038 8<
726 950 879 1036 virtute
920 952 1172 1066 ingenioque

316 1075 544 1193 praestantet
584 1072 688 1157 viros
725 1134 739 1180 ‚
779 1101 862 1183 quo
881 1071 924 1157 in
967 1079 1170 1161 Senatum

319 1200 587 1311 legerentur,
620 1216 691 1275 aut
723 1192 810 1277 ali'u
841 1190 1078 1280 sacerdotiis
1110 1222 1169 1280 or·

324 1340 549 1424 narentur,
584 1310 768 1398 Pontifici
802 1314 997 1398 Maximo
1014 1316 1171 1430 partim

317 1464 497 1543 coram,
533 1432 682 1548 partirn
711 1430 847 1517 absens
876 1428 896 1468 '¹
927 1462 1000 1548 pet
1031 1436 1170 1521 literas

311 1550 633 1665 commendavi13
651 1549 771 1667 idque
789 1554 864 1641 illis
881 1552 981 1671 iaepe
1001 1554 1170 1642 inscien-

1037 1677 1167 1763 tibus:

320 1875 478 1931 Christiana
495 1872 656 1943 Reipublieoe
674 1872 778 1938 effent,
796 1882 961 1941 egerentur.
983 1875 1066 1928 Hane
1088 1891 1170 1929 unet!

321 1956 348 2006 se
368 1958 526 2022 agnoscere,
549 1970 630 2022 neque
650 1952 729 2002 aliem
748 1963 873 2018 proteret
884 1953 968 2005 uilem
987 1952 1018 2004 in
1040 1955 1171 2008 Eeelefie·

321 2033 391 2084 stitis
414 2033 563 2083 hominibus
577 2030 754 2096 dignitatem,
774 2041 803 2082 ut
826 2030 880 2097 ipse
899 2033 980 2083 refert
993 2031 1026 2082 in
1049 2032 1170 2100 Epistola

319 2111 352 2161 ed
366 2113 475 2161 Paolum
495 2110 668 2160 hodoinum.
689 2107 817 2172 Quamvis
835 2108 1099 2162 eninucdefiauiei
1124 2126 1170 2164 or·

319 2189 391 2238 dinis
410 2190 569 2254 splendorem
584 2185 798 2256 maiestatemque
816 2189 885 2239 tutti
903 2205 933 2240 ιο
944 2187 1075 2242 snssinere
1087 2208 1168 2261 quen

319 2267 437 2318 maxime
459 2267 595 2329 studeret,
616 2265 659 2316 ubi
682 2279 771 2317 tamen
788 2266 819 2317 de
830 2267 880 2318 Dei
894 2284 923 2318 ee
937 2268 1079 2334 religioni·
1092 2271 1169 2323 rebus

319 2356 462 2410 ageretur,
482 2355 543 2394 tunc
558 2344 582 2391 id
595 2343 720 2395 omnibus
731 2346 907 2412 antepouehtt
917 2379 927 2396 .
949 2349 1012 2412 Quo
1028 2347 1058 2399 in
1073 2341 1169 2415 genere
1187 2365 1192 2384 ¹

317 2422 486 2489 reprehensae
505 2422 648 2492 aliquando
669 2454 680 2489 ,
701 2423 771 2492 quod
790 2424 912 2475 heretico
930 2427 1038 2477 cuidem
1058 2425 1166 2478 homini

316 2517 374 2552 nou
394 2500 532 2552 humanius
551 2504 651 2567 modo,
672 2502 712 2552 sed
735 2502 817 2552 etiam
836 2501 963 2555 humilius
982 2535 995 2568 ,
1013 2522 1096 2574 quem
1119 2521 1167 2573 per

317 2592 395 2643 erat,
417 2582 571 2648 scripsisset,·
594 2582 667 2647 ipse,
686 2581 731 2649 qui
746 2581 771 2629 id
785 2581 876 2632 voleus
889 2582 1022 2652 sciensque
1042 2585 1166 2650 seeeret,

314 2672 346 2712 ut
365 2660 441 2711 illum
461 2662 492 2711 ad
508 2658 573 2711 rehhe
595 2660 715 2711 credendi
739 2675 858 2711 normam
873 2661 1030 2727 reduceret,
1051 2663 1165 2730 pulchre

315 2738 429 2789 omnino
452 2738 584 2806 respondit
606 2756 612 2788 t
635 2772 658 2804 „
690 2742 746 2806 Ego
766 2739 832 2805 tpud
854 2738 975 2792 homiues
994 2742 1163 2808 gravitatem

313 2849 338 2886 „
359 2820 508 2882 conservo,
530 2817 557 2866 in
577 2818 650 2868 cause
670 2817 718 2868 Dei
731 2818 857 2883 depono,
879 2818 1002 2887 squidem
1024 2817 1051 2869 dr
1070 2820 1163 2874 Dauid

314 2929 338 2964 ,‚
360 2911 420 2946 ante
433 2913 518 2947 arcam
539 2895 587 2944 Dei
611 2895 719 2961 pietatis
738 2913 839 2947 memor
858 2897 938 2962 suit,
961 2914 1014 2949 nou
1035 2898 1160 2965 dignite-

315 3006 340 3040 „
361 2974 395 3026 tie
416 3007 458 3038 „.
480 2974 548 3024 Huic
567 2973 649 3024 simile
673 2975 735 3043 quid
755 2975 864 3040 refert,
892 2976 1007 3027 seribere
1038 2978 1159 3044 Georgio

315 3053 435 3105 Saxoniae
454 3053 519 3103 Duci
541 3069 590 3103 xvi
601 3070 624 3105 ι.
638 3054 697 3105 Cal.
709 3052 833 3106 Februar.
847 3070 919 3106 enno
946 3060 1032 3118 1538.
1043 3054 1094 3108 lih.
1105 3073 1157 3112 τι.

314 3149 329 3183 Ε
349 3164 359 3183 e
383 3155 408 3193 3·

331 3150 370 3235 Ρ*
410 3213 459 3263 Per
476 3212 566 3263 literas
587 3210 777 3265 commendavit
790 3222 822 3283 .]
846 3212 949 3280 Egregii
974 3228 1039 3263 vero
1053 3230 1084 3265 ee
1098 3213 1160 3267 vir·

312 3299 370 3343 tute
397 3289 555 3357 ingenioque
569 3290 716 3354 praestantes
735 3291 813 3356 viri,
833 3309 898 3361 quos
920 3293 1014 3343 Peulur
1028 3293 1085 3343 111.
1107 3310 1160 3347 eu·

312 3369 391 3423 thore
414 3383 491 3436 atque
511 3369 645 3417 hortatore
666 3371 788 3422 Sadoieto
807 3370 835 3420 iu
856 3365 1041 3437 umidissimum
1057 3371 1159 3423 Cordi·

313 3448 415 3499 nulium
428 3448 546 3497 ordinem
562 3448 677 3511 retulit,
699 3450 801 3499 suerunt
822 3450 999 3516 Hieronymus
1022 3450 1160 3503 hletnder

314 3527 527 3593 Archiepiscopus
548 3527 749 3592 Brundisinus,
771 3532 861 3580 Petrus
889 3529 998 3581 Bembuu
1022 3529 1160 3582 Putritiut

313 3606 429 3657 Venetus
442 3639 452 3669 ,
474 3605 647 3670 &Gregorius
658 3606 787 3657 Cortefiue
810 3607 895 3658 Abba
905 3603 1089 3659 BenediSiinue
1100 3609 1158 3673 ‚de

314 3685 409 3753 quibus
421 3685 479 3739 uide
489 3702 544 3756 quae
554 3685 667 3739 uiximus
680 3686 768 3756 paullo
779 3685 895 3756 superius
903 3704 964 3757 pag.
978 3681 1084 3740 nvn&
1097 3687 1157 3755 seq·

1096 3764 1160 3819 Hos
