2542 4350
353 511 381 578 E
407 514 430 578 Ρ
455 514 472 580 1
496 516 515 578 S
540 511 569 578 T
594 511 626 578 O
651 513 676 576 L
700 515 760 576 Ε.
936 537 981 601 4ς

143 601 279 669 eandem
305 618 404 683 quam
430 601 481 665 illi
507 602 595 668 viam
614 602 692 688 frent
717 602 848 690 imgrtffl
868 600 924 692 (a)
946 609 979 672 St

144 712 205 756 nos
229 695 444 779 percutiemur
465 693 525 780 (b)
552 705 728 775 antequam
772 691 981 780 pracipitaot

128 784 204 844 'nos
235 780 408 864 tempestas
443 778 613 846 absorbeat
642 823 651 842 .
687 779 850 842 Memoria
886 797 983 844 teneo
1026 816 1029 819 -

145 869 365 932 Contarenum
391 867 535 932 nostrum
554 866 707 954 supremo
719 865 793 931 vitae
808 869 862 932 die
876 887 980 954 quum

145 975 163 1017 a
187 953 406 1019 familiaribus
428 953 645 1030 suaderetur,
669 971 707 1018 ut
723 974 762 1020 eo
776 956 887 1021 animo
907 977 983 1041 per-

146 1045 243 1108 ferret
258 1057 411 1117 mortem,
429 1047 487 1129 qui
506 1040 788 1131 philosophum&
815 1044 982 1110 Christia.
1087 1087 1090 1097 .

146 1154 224 1197 num
246 1129 413 1195 hominem
438 1135 567 1199 deceret
591 1136 647 1220 (e)
660 1154 672 1210 3
696 1132 877 1197 exhilarata
893 1134 985 1196 fron·

146 1233 179 1285 te
207 1219 425 1306 respondisse,
449 1224 501 1307 agi
531 1219 638 1286 secum
663 1217 835 1285 feliciffirrre
858 1263 869 1294 ,
893 1216 984 1304 quod

146 1323 218 1377 tum
240 1311 311 1373 uita
333 1311 526 1384 excederet,
550 1329 651 1393 quum
674 1307 844 1392 plurima,
866 1311 983 1374 &rna-

146 1397 239 1462 xima
278 1397 421 1480 undique
449 1399 689 1464 circumstarent
716 1395 860 1483 pericula
887 1413 896 1458 t
923 1413 981 1457 nee

146 1485 242 1571 longe
266 1487 367 1550 abeffe
390 1501 553 1574 tempus,
577 1508 645 1570 quo
668 1487 781 1575 posteri
801 1485 863 1570 (d)
896 1503 981 1567 prae-

147 1574 232 1639 clare
258 1578 365 1638 atium
382 1597 454 1640 cum
479 1576 621 1639 mortuis
647 1572 745 1638 essent
762 1571 981 1636 arbitraturi.

146 1663 371 1752 Qamobrem
396 1679 428 1727 te
454 1665 571 1726 hortor
595 1666 625 1728 ar
651 1660 755 1724 amite
778 1681 923 1736 moneo,
946 1671 986 1721 ut

148 1751 262 1834 siquis
283 1752 388 1814 adhuc
408 1751 519 1814 animo
539 1747 659 1818 resedit
674 1748 736 1813 tibi
759 1747 857 1815 dolor
875 1770 914 1813 ex
925 1764 988 1835 pa-

146 1838 236 1908 ttoni
258 1838 460 1905 amantiffimi
477 1839 632 1914 interitu,
658 1855 732 1902 eum
750 1837 882 1923 penitus
896 1833 984 1900 abii·

145 1927 238 2001 cias,
262 1925 451 2012 prastesque
474 1942 505 1990 te
530 1949 604 1991 eum
639 1925 773 1998 virum,
796 1946 894 2012 quem
920 1936 979 1986 tua

147 2015 318 2098 fingulatis
333 2013 479 2080 eruditio
490 2020 545 2102 (e)
570 2015 794 2102 &disciplina
815 2036 835 2080 a
849 2016 980 2101 sapien·

147 2106 253 2192 tifflmo
276 2108 350 2170 viro
363 2105 491 2172 tradita
502 2105 657 2190 postulat:
683 2103 851 2171 incumbas
865 2114 981 2166 autem

147 2207 225 2257 toto
251 2199 269 2279 (
285 2206 321 2256 ut
348 2196 471 2275 ajunt)
494 2194 622 2278 patiore
635 2236 647 2266 ,
661 2205 698 2255 ut
711 2210 781 2275 quat
802 2192 981 2257 Sadoletut

147 2282 190 2345 ad
204 2280 297 2347 usum
321 2281 771 2370 prosteritatitrltgantiffimt
788 2278 978 2370 sapientifi-

147 2386 252 2455 meque
274 2372 327 2458 (f)
361 2368 547 2457 conscriptit
571 2413 582 2444 ‚
607 2391 644 2433 ea
668 2391 705 2436 nt
715 2384 854 2457 percont
879 2413 890 2446 ,
922 2365 984 2455 (g)

147 2458 204 2526 sed
226 2460 335 2547 primo
346 2478 476 2543 quoque
492 2473 639 2542 tempore
656 2461 861 2542 proferantur
879 2458 912 2521 in
928 2458 982 2521 lu·

147 2569 217 2612 cem
233 2590 242 2609 .
268 2548 358 2610 Hanc
372 2545 524 2610 existimo
537 2546 602 2607 nori
623 2544 818 2628 postremam
834 2547 905 2607 fore
919 2563 983 2607 cu·

147 2653 219 2700 ram
245 2632 339 2699 Pauli
361 2633 502 2721 Nepotis
529 2674 539 2705 ‚
565 2632 703 2715 quemsr
730 2646 787 2694 tua
810 2628 984 2715 diligentia

151 2722 318 2805 adjuverit
342 2765 354 2799 ‚
377 2740 444 2787 ιιοιι
478 2733 547 2785 tarn
577 2717 725 2786 Sadoieti
748 2717 858 2806 gloriae
895 2722 984 2807 (),

897 2825 990 2893 quarn

191 2992 253 3077 (a)
299 2991 535 3054 Confecerunt.
602 2990 664 3075 (b)
708 2954 991 3071 Ingredi'e'mff

192 3083 253 3169 (c)
298 3083 336 3141 In
359 3079 437 3142 edit.
459 3080 592 3142 retitur
617 3093 627 3138 t
652 3086 690 3139 ut
723 3095 797 3138 cum
823 3072 893 3138 rita
923 3067 977 3157 pit

147 3162 321 3251 sanaeque
345 3166 438 3237 atla,
464 3183 553 3230 more
568 3161 638 3247 ipsa
651 3162 871 3229 consentiret.

192 3259 255 3348 (d)
301 3251 690 3341 Superstiterhomioer.

150 3350 250 3503 stSe)
296 3352 333 3410 In
354 3344 477 3412 edin&
498 3352 596 3406 tante
612 3338 749 3407 virtutis
766 3334 913 3405 imitatio
925 3354 986 3421 po-

182 3449 300 3502 nant·

195 3525 250 3615 (t)
296 3523 418 3609 Desunt
438 3520 503 3585 baec
521 3520 580 3583 duo
594 3519 693 3585 verba
717 3521 751 3583 it
775 3520 867 3583 edit.

195 3620 256 3704 (g)
302 3610 531 3694 Dtfidrrantrrr
544 3608 644 3673 verba
659 3627 697 3670 oe
711 3617 863 3693 pereant,
876 3596 954 3664 sed·

195 3707 258 3793 (h)
304 3698 408 3768 Verba
432 3701 555 3787 diverso
580 3697 762 3765 choretim
788 3701 926 3763 exarata
951 3686 986 3750 in

153 3795 233 3864 tiit.
259 3789 345 3856 baud
358 3788 531 3877 leguntur.
