2542 4350
518 514 559 599 V
589 541 605 597 1
638 543 667 600 τ
699 543 754 601 Α.
930 523 1061 611 xxxix

213 628 346 715 lorum
368 626 525 744 Regi,
557 655 626 716 aut
658 633 705 719 iis
735 632 805 747 qui
836 634 1058 749 plurimum

210 746 318 861 apud
358 776 422 832 eos
472 771 657 863 poterant
695 815 709 864 ,
748 757 1056 846 commendandi

213 867 403 952 fuerint:
453 896 532 953 non
573 869 650 956 dici
692 873 818 987 potest
857 902 938 985 quo
977 879 1060 964 ani·

217 987 280 1069 mi
311 984 466 1107 studio,
497 1014 543 1073 ac
575 991 708 1106 potius
727 1020 804 1102 qua
834 992 1061 1082 sollicitudi-

211 1131 264 1191 ne
296 1104 335 1189 id
368 1107 537 1222 egerit,
567 1110 721 1226 prorsus
753 1132 798 1196 ut
831 1115 959 1199 multo
990 1142 1059 1200 ve·

893 1233 1060 1321 hemen-

214 1383 239 1422 ‚‚
259 1354 348 1408 feritas
368 1354 456 1424 potius
477 1355 593 1424 quedam
610 1353 727 1410 bominis
754 1356 850 1421 iilius,
874 1356 902 1408 iu
923 1368 1001 1424 quem
1016 1353 1060 1406 iu·

215 1464 241 1498 ,‚
261 1434 417 1485 vehebamur
437 1464 448 1497 ,
469 1433 589 1484 sustinere
608 1434 752 1488 illiusmodi
779 1435 929 1487 orationem
949 1433 1060 1486 videba-

216 1539 241 1574 „
262 1523 304 1564 tur
327 1531 336 1576 3
358 1511 499 1580 presertim
518 1529 578 1563 cum
602 1509 741 1566 ttessatem
763 1529 823 1565 eum
848 1514 935 1566 locum
957 1543 970 1577 ‚
990 1511 1060 1566 nibil

216 1618 241 1653 „
262 1591 346 1657 mugit
365 1591 414 1641 eise
438 1588 614 1655 perniciosum
642 1591 802 1660 Reipublicae
825 1605 932 1662 ,quem
955 1589 1059 1640 Princi·

215 1683 323 1733 „pum
345 1665 485 1717 :ueritiam
507 1695 519 1728 ‚
539 1662 563 1713 dt
583 1664 695 1717 nimium
728 1666 842 1735 pecunie
873 1667 1060 1717 coacervanda

216 1772 241 1807 „
262 1743 452 1809 cupiditatem.
479 1742 504 1790 ie
518 1751 633 1805 eutem,
655 1741 683 1791 iu
704 1760 780 1812 quem
800 1742 973 1793 scribebamus
993 1739 1056 1792 infi-

218 1848 243 1883 „
263 1818 329 1869 nitie
349 1818 377 1869 in
397 1833 429 1868 eo
444 1830 538 1883 genere
558 1815 675 1867 sordibus
688 1833 741 1869 nou
766 1818 851 1867 solum
866 1817 1055 1868 commacules·

219 1922 243 1961 ,‚
265 1894 301 1947 set
320 1895 419 1946 semem
443 1890 589 1945 Sacerdotii
610 1923 623 1959 ,
643 1908 733 1946 verum
752 1892 843 1946 omnia
872 1892 982 1944 omniuo
1000 1908 1057 1945 uon

219 2002 243 2038 ‚‚
264 1973 396 2042 equitetis
410 1972 489 2023 modo
501 1984 612 2036 ,vetum
631 1969 714 2023 etium
728 1969 903 2024 bumeuitetie
922 1969 979 2031 iure
991 1987 1056 2023 eon·

214 2080 240 2117 2,
262 2050 382 2102 turbess'et
401 2081 446 2114 ,‚.
468 2047 569 2099 Deinde
593 2063 659 2117 opue
668 2051 798 2119 quoddam
815 2050 887 2102 suum
901 2064 1057 2115 nuncupen-

220 2132 282 2183 dum
302 2126 398 2191 Jomui
412 2125 533 2180 Seivieto
545 2125 671 2195 significet
690 2128 739 2181 lib.
752 2145 799 2182 tx.
816 2145 858 2197 ep.
871 2143 918 2181 η.
941 2158 964 2194 „
978 2127 1057 2194 Quod

222 2241 245 2277 „
265 2222 352 2261 eutem
367 2205 458 2257 scribit
482 2216 585 2272 gratum
604 2205 654 2259 tibi
671 2224 741 2259 eme
763 2206 819 2259 fieti
838 2239 849 2274 ,
868 2208 936 2277 quod
958 2221 1057 2257 nomen

221 2321 244 2359 ,.
264 2299 337 2339 tuum
358 2283 422 2335 meis
436 2281 539 2350 setiptie
556 2282 735 2337 concelebrare
756 2286 802 2338 sum
820 2282 947 2353 eggressus
967 2301 979 2351 ,·
1004 2299 1059 2336 uon

222 2399 245 2435 ,‚
267 2364 301 2416 ess
314 2364 345 2415 de
358 2377 389 2413 eo
402 2378 448 2412 eur
466 2357 531 2413 mibi
546 2363 657 2429 gretiam
670 2363 761 2415 debete
778 2398 809 2418 ..
826 2398 834 2416 .
853 2403 862 2421 .
884 2366 941 2415 Nec
962 2378 1004 2413 me
1018 2374 1061 2414 te·

219 2477 245 2513 ‚‚
267 2458 325 2494 men
352 2439 464 2491 oblitum
478 2438 609 2491 existimet
632 2440 713 2493 veiim
731 2439 789 2502 eiue
806 2440 961 2504 oretiouie,
979 2455 1060 2508 quem

222 2555 245 2590 „
267 2520 342 2572 hebui
356 2530 443 2570 tecum
457 2548 468 2580 ,
488 2531 545 2568 eum
559 2528 588 2569 tu
602 2518 670 2585 apud
692 2535 741 2570 noe
760 2514 960 2586 Cerpentoressi
973 2517 1058 2571 effen.

222 2632 246 2667 „
267 2601 328 2649 Nou
342 2596 412 2647 enim
437 2593 495 2644 situ
514 2594 569 2646 elio
588 2608 745 2661 argumento
769 2611 837 2647 nune
858 2595 970 2660 versor,
989 2593 1057 2645 iilud

221 2709 246 2747 „
267 2685 405 2743 propterea
419 2667 501 2731 tbieci
515 2703 526 2736 ‚
545 2672 614 2741 quod
628 2672 678 2723 tibi
691 2673 851 2724 ostenderam
871 2689 913 2723 me
925 2671 1056 2737 susceptu·

222 2788 246 2823 „
267 2770 323 2805 rum
339 2751 406 2803 esse.
429 2749 477 2801 Sed
496 2767 554 2802 eum
577 2745 830 2808 &difficiliusjnud
851 2766 937 2818 opus,
958 2747 1057 2800 &lou-

222 2865 246 2901 „
266 2830 348 2899 giorie
364 2828 448 2881 multo
463 2826 589 2896 temporie
613 2829 760 2895 existeret,
780 2828 864 2879 uossre
877 2840 965 2879 eutem
983 2823 1057 2877 sesti·

222 2943 247 2980 „
268 2907 342 2980 uetio
364 2905 461 2959 emotis
486 2906 538 2958 mei
553 2922 613 2974 erge
636 2919 663 2960 te
683 2907 772 2977 eliquo
792 2906 889 2957 iudicio
901 2905 951 2957 tibi
970 2903 1057 2955 decie-

220 3021 245 3057 „
267 2987 340 3039 nudi
365 3001 465 3036 morem
480 2997 581 3038 tentem
603 3001 658 3037 uon
677 2987 780 3051 ferret,
800 2985 831 3035 ed
853 2985 881 3036 id
902 2982 1058 3035 elucubran-

225 3100 249 3134 „
269 3068 330 3117 dum
352 3080 394 3115 me
419 3063 539 3116 converti
562 3096 573 3130 ,
593 3064 662 3136 quod
687 3062 822 3114 videbatur
843 3074 945 3114 meture
964 3059 1057 3111 confici

224 3177 249 3214 „
269 3142 356 3211 posse.
378 3145 398 3191 A
422 3159 474 3211 quo
495 3155 583 3195 tamen
608 3143 663 3211 ipso
686 3139 709 3190 ἃ
729 3141 831 3208 byemie
851 3139 1013 3208 esperitete‚
1033 3134 1058 3186 ἃ

226 3256 251 3293 ,,
272 3220 401 3272 tenuitate
412 3237 474 3270 mea
486 3220 646 3273 valetudinie
658 3220 806 3290 aliquandiu
820 3220 875 3271 sum
890 3218 1036 3269 retardatue
1049 3249 1059 3270 0

227 3332 251 3368 „
273 3300 320 3349 Sed
341 3311 454 3364 repetem
464 3299 566 3351 tursum
579 3310 608 3351 ut
621 3300 715 3365 opinor
731 3316 741 3365 ,⁴
761 3298 859 3366 hocque
877 3295 960 3347 eeriue
979 3293 1058 3343 inste·

226 3411 252 3447 „
273 3376 306 3427 bo
319 3373 342 3424 dt
356 3377 502 3439 connitur,
522 3394 577 3445 qua
590 3374 676 3437 mejor
694 3393 750 3427 mee
763 3376 889 3442 cupiditee
908 3370 1057 3441 perficiendi
1130 3419 1137 3427 ,

224 3486 252 3523 ,‚
273 3450 341 3504 sueta
354 3455 389 3503 est
406 3490 413 3506 .
436 3484 459 3518 „
477 3454 525 3505 Hie
536 3467 623 3507 eutem
643 3453 751 3505 iudiceri
761 3469 775 3504 e
785 3454 906 3504 Sedoieto
919 3449 1012 3501 librum
1027 3449 1059 3499 de

225 3531 321 3585 Giotie
341 3531 445 3583 videtur
468 3564 480 3597 ,
499 3534 530 3584 de
548 3548 599 3601 quo
618 3532 702 3583 eidem
721 3531 841 3583 Salviato
859 3526 940 3595 Episs.
959 3544 987 3589 4.
1011 3525 1059 3576 lib.

223 3627 292 3663 xxv.
305 3610 367 3660 dute
385 3628 413 3661 v.
426 3611 485 3661 idue
497 3608 649 3661 Decembris
668 3609 729 3660 euni
746 3624 795 3671 153
805 3625 831 3671 9.
842 3638 865 3671 „
886 3609 927 3655 Ne
945 3620 987 3653 me
1000 3604 1056 3651 for·

230 3720 255 3763 „
274 3699 300 3742 te
309 3686 381 3762 (ait)
393 3698 467 3758 putee
477 3687 516 3746 tui
528 3686 641 3743 oblitum
651 3686 698 3742 effe
709 3704 716 3742 ε
727 3683 750 3737 ἃ
760 3684 884 3759 quouiem
894 3698 932 3737 ue
945 3694 1061 3733 <tuom

970 3789 993 3828 η
1014 3769 1059 3809 H·
