2542 4350
289 533 515 609 ellstota
536 528 825 607 Portunum.
923 535 989 619 κῆρ

136 624 238 714 igitur·
251 624 409 712 ancipites
422 628 669 695 &vehementer
682 627 776 692 dubii
788 673 800 704 ,
821 624 904 711 quid
922 648 986 691 no.

137 717 190 785 bia
204 713 282 783 ell'et
306 713 468 800 agendum
483 757 493 779 .
517 715 593 782 Hec
606 716 753 802 linquere
767 718 817 780 uti
829 728 920 782 erant
932 715 978 782 sro

136 805 293 878 turbata,
316 823 433 890 parum
445 817 577 873 cautum
591 824 603 882 ;
615 806 658 870 ad
672 806 905 872 conficiendam
920 824 980 889 pa-

138 913 209 960 cem
232 914 299 961 non
317 893 497 970 accedere,
520 913 639 981 parum
661 899 754 981 pium
777 894 981 961 videbatur.

137 983 249 1057 Cum,
272 1003 306 1050 re
321 980 431 1049 denuo
444 1002 519 1048 cum
540 982 793 1049 venerabilibur
809 982 982 1048 Fratribus

136 1071 257 1136 nostrie
276 1067 541 1148 communicata,
562 1072 627 1136 hoc
651 1068 820 1137 confilium
847 1084 986 1159 captum

138 1159 209 1235 est,
233 1173 271 1225 ut
298 1159 505 1224 mitteremus
528 1158 571 1222 ad
596 1180 713 1227 omnen
743 1162 850 1247 Reges
874 1179 985 1225 novoe

135 1247 169 1312 N
172 1248 284 1314 uncior
295 1269 308 1324 5
320 1246 378 1332 qui
398 1250 428 1313 ἃ
442 1247 665 1315 calamitatem
680 1249 770 1335 regni
784 1247 985 1334 ilungarie,

136 1337 166 1402 Sa
189 1337 401 1402 nereditatem
417 1339 533 1421 pacit,
556 1341 586 1406 dr
607 1338 755 1407 nostrum
768 1356 902 1424 quoque
923 1356 983 1401 re.

136 1438 263 1491 centem
280 1423 390 1491 casum
401 1425 637 1511 significarent:
661 1447 698 1492 ac
711 1429 760 1500 st,
783 1423 986 1492 coeuntibus

136 1531 252 1579 eorum
273 1514 316 1577 ad
332 1533 446 1602 pacem
461 1515 648 1583 &studium
665 1516 846 1583 concordie
860 1511 986 1579 volun-

136 1604 286 1678 tatibua‚
310 1603 438 1687 aliquio
453 1603 628 1688 eligeretur
643 1601 762 1678 locut,
784 1605 816 1669 in
831 1622 899 1686 quo
912 1601 986 1668 fieri

137 1711 313 1758 commuue
327 1696 455 1778 Regum
479 1690 687 1776 colloquium
703 1693 787 1759 inter
800 1690 892 1779 ipsos
905 1688 988 1778 pos·

138 1775 212 1856 set,
236 1780 363 1847 nosmet
375 1781 605 1848 denuntiarent
618 1781 661 1845 ad
675 1779 763 1846 illud
776 1779 988 1865 colloquium

142 1869 204 1934 elie
220 1884 379 1936 venturos
394 1912 404 1934 .
430 1871 479 1935 Ac
492 1868 551 1934 alii
566 1869 609 1932 ad
622 1867 710 1940 alioa
722 1870 874 1937 destinati
888 1866 964 1934 suut
973 1886 988 1944 ς

138 1957 183 2021 ad
205 1971 239 2023 te
268 1979 346 2025 rero
368 2004 380 2035 ,
403 1958 453 2021 fili
478 1957 653 2024 cbariffime
678 2001 690 2033 ,
713 1980 779 2024 non
808 1957 990 2024 habuimua

140 2047 365 2113 dexteriorem
382 2044 700 2136 prudentioremque
712 2048 878 2114 Nuocium
891 2062 995 2132 quent

141 2134 349 2202 mitteremur
369 2179 381 2212 ‚
404 2155 503 2221 quam
529 2150 623 2202 tuum
656 2131 759 2227 ipbue
781 2137 991 2210 Oratorem,

137 2224 857 2384 tl?strilltiiiltmltlttiti
872 2226 991 2381 ”fii

137 2403 249 2478 eninr,
273 2403 368 2470 nullo
389 2402 502 2469 labore
515 2403 688 2481 recusato,
713 2404 795 2491 saepe
819 2405 906 2471 inter
922 2419 986 2467 noe

138 2497 168 2561 ἃ
186 2493 334 2579 Ugonem
351 2535 362 2566 ‚
386 2492 513 2570 iamdiu
528 2514 603 2558 cum
619 2514 678 2559 nec
693 2493 901 2578 gladiorum,
930 2507 991 2554 nec

138 2580 279 2646 licentia
297 2580 455 2646 militaris
469 2580 654 2667 periculum
671 2625 682 2656 ,
704 2582 795 2665 quod
810 2581 862 2643 illi
873 2583 914 2643 ab
929 2598 990 2642 cu·

139 2669 228 2757 pidis
244 2671 355 2755 prede
371 2673 402 2736 dc
416 2667 582 2755 sanguinis
595 2669 761 2734 militibus
775 2668 987 2739 imminebat,

139 2757 236 2823 illiue
260 2759 417 2842 pietatem
441 2761 472 2824 dr
498 2777 636 2844 operam
667 2757 872 2835 retardaret,
895 2753 990 2821 omni

139 2843 352 2915 solicitudine
375 2887 386 2917 ,
408 2846 502 2910 omni
526 2846 636 2909 studio
665 2850 696 2914 tr
725 2864 825 2934 opera
849 2859 991 2911 eonarua

139 2937 211 3011 etr,
236 2939 323 3005 ur&
348 2932 483 2998 illorum
510 2933 677 3000 crudelem
696 2935 764 3000 eim
792 2932 987 3020 mitigaret,

138 3028 169 3093 St
186 3026 304 3090 noted
317 3024 589 3109 compartionem
605 3046 679 3088 cum
696 3024 765 3088 illie
781 3025 986 3105 adduceret3

139 3112 193 3179 cui
210 3128 367 3199 quantum
386 3111 565 3180 debeamus
582 3114 640 3180 vix
655 3114 986 3201 poliumunexpliea.
1048 3186 1054 3198 „

140 3223 197 3275 ree
221 3223 307 3268 certe
320 3202 377 3268 nili
400 3208 470 3281 ejus
486 3203 645 3271 industria
671 3207 702 3270 ἃ
727 3204 905 3268 autloritar
932 3202 985 3265 in.

142 3291 481 3377 terceffitiet‚aliquod
497 3300 603 3373 majus
620 3290 742 3357 malum
759 3291 820 3355 illo
834 3292 886 3357 die
900 3289 984 3355 fuis.

144 3376 194 3443 let
216 3394 403 3465 patratum.
426 3383 511 3448 Cum
531 3384 631 3466 igitur
654 3383 684 3448 dr
704 3383 794 3446 tellit
811 3382 938 3453 fidelis,
954 3383 986 3449 u

143 3469 289 3552 prudens
309 3467 492 3552 explicator
517 3516 526 3543 ,
551 3474 579 3537 u
601 3469 730 3553 optima
757 3488 862 3533 mente
887 3488 987 3553 atque

142 3555 255 3620 animo
280 3554 312 3619 in
338 3557 457 3622 Christi
471 3578 538 3622 rem
564 3555 735 3644 pradictus
759 3579 775 3621 a
797 3561 891 3621 nobis
907 3558 988 3622 etiet

142 3643 308 3723 judicatur
326 3688 336 3718 ‚
361 3666 435 3709 eum
451 3646 482 3709 iu
500 3642 626 3711 secreto
636 3646 834 3712 Confistorio
845 3648 989 3723 juffimut

145 3731 341 3813 introduci,
363 3751 402 3831 qe
423 3732 521 3802 illum
543 3736 696 3889 obqqstati
715 3735 828 3806 [umor
840 3778 852 3813 ,
875 3751 913 3800 ue
928 3734 991 3797 iter

644 3830 664 3893 6
934 3825 998 3887 bot
