2542 4350
300 512 359 574 xc
465 491 659 603 Jncont
698 486 975 570 Snootrzrr

296 601 518 725 valetudini
538 628 731 718 parcens,
765 598 1024 716 permiserat.
1048 602 1144 688 Hoc

296 751 460 838 quoque
502 720 677 812 Sadoleti
716 719 962 836 integritatis
1003 747 1144 807 exem⁶

297 847 412 961 plum
447 843 526 953 srt,
558 839 787 954 quodcum
816 863 1002 928 extremo
1033 841 1144 955 lega·
1184 910 1186 938 ‚

298 963 419 1049 tionis
460 986 643 1077 tempore
674 961 822 1076 integri
864 960 1006 1045 mensu
1037 958 1146 1047 senu-

298 1105 420 1197 ptum
462 1080 704 1195 accepisset,
745 1104 870 1194 atque
909 1099 1004 1163 ante
1053 1096 1147 1164 exa·

297 1198 413 1285 uum
446 1197 623 1286 mensem
656 1194 968 1316 Carpentoredle
1004 1224 1147 1311 perve-

299 1320 451 1431 nisset3
483 1319 620 1404 decern
648 1316 805 1403 dierum
825 1317 1032 1432 sumptum
1054 1314 1148 1430 (tot

299 1438 412 1523 enim
445 1438 526 1522 dies
559 1436 703 1548 reliqui
732 1431 928 1547 fuerant)
958 1432 976 1472 '‘
1005 1436 1151 1527 referri

299 1557 442 1668 utique
475 1554 525 1642 ad
556 1556 791 1667 quaellorem
819 1554 1021 1643 Pontificio
1053 1561 1146 1641 Ma·

298 1676 404 1762 ximi
423 1740 436 1783 ,
463 1700 698 1788 quanquam
717 1673 1023 1762 dissuadentibus
1042 1673 1146 1761 arni·

297 1796 388 1904 eis',
420 1799 460 1880 dt
493 1794 664 1880 nimiam
692 1796 781 1908 ejus
811 1794 1048 1908 religionem
1081 1821 1147 1881 ac·

299 1913 561 2022 ementibus,
601 1912 746 2023 jussu.
786 1911 945 2000 Eodem
987 1935 1145 2030 ternpo-

298 2059 344 2119 re
374 2034 537 2117 clientes
569 2029 802 2117 domesticos
822 2094 836 2141 ‚
856 2058 1030 2142 quorum
1047 2062 1074 2116 o
1105 2054 1144 2116 e·

296 2179 344 2239 ra
376 2149 529 2235 strenua
562 2147 727 2238 &fideli
757 2150 799 2238 in
829 2144 1027 2267 legatione
1046 2060 1144 2239 'ulus

297 2271 464 2379 suerat,
495 2268 621 2354 aliurn
641 2267 721 2354 alio
751 2272 950 2384 pretorio,
981 2274 1021 2356 dr
1052 2272 1161 2382 qui·'

297 2388 392 2475 dern
424 2386 538 2504 supra
557 2384 768 2473 facultates
798 2389 881 2475 suas
911 2416 1144 2476 remunera·

300 2529 366 2596 tus
407 2507 499 2595 est.
540 2506 775 2621 Insequenti
811 2507 942 2620 aestate
981 2510 1024 2595 in
1060 2517 1145 2598 Ita·

1041 2628 1145 2719 liam

336 2798 355 2830 “
395 2802 496 2872 Referri
506 2799 541 2855 aa
559 2769 786 2872 quadremus·
805 2798 926 2877 justin]
947 2800 979 2854 Id
998 2798 1082 2870 etiem
1096 2802 1142 2855 iu·

291 2891 374 2933 unere
391 2881 496 2935 videtur
516 2881 687 2935 Sonotnrue
707 2883 760 2951 ipse
774 2882 803 2935 iu
816 2883 899 2935 eirere
919 2882 998 2934 modo
1009 2880 1049 2947 ed
1061 2885 1142 2934 Pett-

293 2958 352 3011 lum
367 2959 480 3026 Epistol·
493 2956 534 3011 hie
547 2959 635 3013 verbio
649 2998 658 3014 .
679 2991 703 3027 „
724 2959 856 3015 Vitricum
870 2956 948 3019 huius
969 2958 1075 3013 itinerie
1090 2974 1142 3030 pro

291 3063 318 3102 2,
339 3036 440 3088 ratione
461 3036 564 3089 dierum
578 3068 589 3102 ‚
608 3038 695 3109 quiin
709 3038 804 3092 itinere
816 3038 965 3105 consumpti
984 3038 1043 3091 suut
1056 3068 1068 3104 ,
1080 3036 1139 3091 mili
1160 3076 1163 3081 -

291 3144 317 3181 „
338 3114 507 3167 adcerolurn
528 3115 647 3169 nostrum
663 3116 875 3173 Goelterueelenr
898 3116 940 3169 uti
955 3127 1075 3185 peteret:
1096 3132 1140 3170 ree

288 3222 315 3258 „
336 3207 408 3259 teque
430 3189 454 3241 dr
475 3190 596 3258 legitime
617 3192 685 3244 nihil
704 3194 797 3249 hebuit
819 3192 1005 3247 difficultetie:
1026 3194 1140 3246 trecenti

291 3299 317 3335 „
338 3266 424 3320 lletim
438 3268 568 3320 numerari
583 3270 642 3323 sunt
659 3304 672 3337 ‚
693 3271 721 3323 iu
733 3289 793 3342 quo
805 3288 885 3341 opere
896 3270 1065 3340 Ardiuglrelli
1079 3271 1141 3323 exi·

288 3377 315 3414 ‚,
337 3344 416 3412 mie,
436 3343 548 3398 &amor
560 3364 621 3415 erge
643 3366 685 3402 roe
699 3350 835 3418 singulerle
853 3386 861 3405 .
884 3350 955 3403 l'llnd
970 3366 1003 3402 ex
1015 3349 1062 3401 lree
1079 3365 1139 3401 mee

154 3430 158 3434 ’
288 3453 314 3491 „
335 3422 507 3489 postulatione
531 3424 598 3477 milri
621 3427 739 3481 recidisse
762 3429 862 3497 geddeo
884 3459 896 3494 ,
916 3428 987 3497 quod
1010 3427 1141 3481 desierunt

289 3531 315 3570 ,‚
336 3499 427 3551 mirari
446 3517 476 3553 eo
494 3502 704 3571 reprehendere,
723 3491 795 3576 quod
812 3508 939 3559 dueertoe
961 3505 1023 3557 llloe
1050 3506 1140 3557 reddi·

293 3609 316 3649 ‚,
336 3575 449 3644 dilsem,
470 3579 603 3649 postquam
619 3582 744 3636 uiderunt
768 3601 810 3637 ore
823 3595 955 3637 trecentoe
976 3583 1138 3649 reposcere.-

293 3688 317 3729 „
339 3656 482 3708 nonenim
503 3654 557 3717 iarn
576 3660 624 3716 illa
646 3662 783 3719 morofitee
805 3679 864 3717 nee
887 3660 964 3729 ,sed
983 3656 1080 3728 religio
1093 3654 1139 3722 l!-

292 3764 317 3805 Ἃ
339 3732 441 3789 dicatus
465 3765 489 3805 η
503 3766 514 3788 e
