<?xml version="1.0" encoding="UTF-8"?>
<!DOCTYPE html PUBLIC "-//W3C//DTD XHTML 1.0 Transitional//EN"
    "http://www.w3.org/TR/xhtml1/DTD/xhtml1-transitional.dtd">
<html xmlns="http://www.w3.org/1999/xhtml" xml:lang="en" lang="en">
 <head>
  <title>
</title>
<meta http-equiv="Content-Type" content="text/html;charset=utf-8" />
  <meta name='ocr-system' content='tesseract 3.04.00' />
  <meta name='ocr-capabilities' content='ocr_page ocr_carea ocr_par ocr_line ocrx_word'/>
</head>
<body>
  <div class='ocr_page' id='page_1' title='image "./jacobisadoletie00florgoog_0453.png"; bbox 0 0 2542 4350; ppageno 0'>
   <div class='ocr_carea' id='block_1_1' title="bbox 209 442 1064 3263">
    <p class='ocr_par' dir='ltr' id='par_1_1' title="bbox 220 442 871 522">
     <span class='ocr_line' id='line_1_1' title="bbox 220 442 871 522; baseline -0.017 -1"><span class='ocrx_word' id='word_1_1' title='bbox 220 465 260 521; x_wconf 79' lang='lat'>16</span> <span class='ocrx_word' id='word_1_2' title='bbox 380 451 574 522; x_wconf 80' lang='lat' dir='ltr'>ANTONlI</span> <span class='ocrx_word' id='word_1_3' title='bbox 596 442 871 516; x_wconf 78' lang='lat' dir='ltr'>FLOREBELLI</span> 
     </span>
    </p>

    <p class='ocr_par' dir='ltr' id='par_1_2' title="bbox 209 531 1064 3263">
     <span class='ocr_line' id='line_1_2' title="bbox 214 531 1053 622; baseline -0.017 -9"><span class='ocrx_word' id='word_1_4' title='bbox 214 546 358 613; x_wconf 77' lang='lat' dir='ltr'>virtuter</span> <span class='ocrx_word' id='word_1_5' title='bbox 382 543 429 609; x_wconf 87' lang='lat' dir='ltr'>ita</span> <span class='ocrx_word' id='word_1_6' title='bbox 453 543 543 607; x_wconf 90' lang='lat' dir='ltr'>omni</span> <span class='ocrx_word' id='word_1_7' title='bbox 569 539 676 616; x_wconf 88' lang='lat' dir='ltr'>studio</span> <span class='ocrx_word' id='word_1_8' title='bbox 715 552 815 622; x_wconf 92' lang='lat' dir='ltr'>atque</span> <span class='ocrx_word' id='word_1_9' title='bbox 835 555 952 600; x_wconf 84' lang='lat' dir='ltr'>amore</span> <span class='ocrx_word' id='word_1_10' title='bbox 980 531 1053 602; x_wconf 86' lang='lat' dir='ltr'>sum</span> 
     </span>
     <span class='ocr_line' id='line_1_3' title="bbox 213 624 1054 718; baseline -0.01 -22"><span class='ocrx_word' id='word_1_11' title='bbox 213 626 406 718; x_wconf 75' lang='lat' dir='ltr'>complexus</span> <span class='ocrx_word' id='word_1_12' title='bbox 430 677 441 707; x_wconf 91' lang='lat'>,</span> <span class='ocrx_word' id='word_1_13' title='bbox 465 645 509 694; x_wconf 90' lang='lat' dir='ltr'>ut·</span> <span class='ocrx_word' id='word_1_14' title='bbox 538 625 620 693; x_wconf 88' lang='lat' dir='ltr'>nihil</span> <span class='ocrx_word' id='word_1_15' title='bbox 654 624 757 710; x_wconf 82' lang='lat' dir='ltr'>magis</span> <span class='ocrx_word' id='word_1_16' title='bbox 786 625 1054 710; x_wconf 66' lang='lat' dir='ltr'>exoptaverim,</span> 
     </span>
     <span class='ocr_line' id='line_1_4' title="bbox 213 712 1056 806; baseline -0.008 -22"><span class='ocrx_word' id='word_1_17' title='bbox 213 714 315 805; x_wconf 89' lang='lat' dir='ltr'>quam</span> <span class='ocrx_word' id='word_1_18' title='bbox 332 740 381 791; x_wconf 87' lang='lat' dir='ltr'>me</span> <span class='ocrx_word' id='word_1_19' title='bbox 408 717 651 806; x_wconf 79' lang='lat' dir='ltr'>quamprimum</span> <span class='ocrx_word' id='word_1_20' title='bbox 666 786 668 789; x_wconf 46' lang='grc'><strong>,</strong></span> <span class='ocrx_word' id='word_1_21' title='bbox 683 715 726 778; x_wconf 91' lang='lat' dir='ltr'>ad</span> <span class='ocrx_word' id='word_1_22' title='bbox 756 712 943 777; x_wconf 87' lang='lat' dir='ltr'>amicitiam·</span> <span class='ocrx_word' id='word_1_23' title='bbox 957 729 1056 777; x_wconf 90' lang='lat' dir='ltr'>tuam</span> 
     </span>
     <span class='ocr_line' id='line_1_5' title="bbox 211 800 1055 896; baseline -0.008 -24"><span class='ocrx_word' id='word_1_24' title='bbox 211 808 393 896; x_wconf 78' lang='lat' dir='ltr'>prestantis</span> <span class='ocrx_word' id='word_1_25' title='bbox 417 852 429 886; x_wconf 91' lang='lat'>,</span> <span class='ocrx_word' id='word_1_26' title='bbox 453 821 552 891; x_wconf 88' lang='lat' dir='ltr'>atque</span> <span class='ocrx_word' id='word_1_27' title='bbox 576 802 668 867; x_wconf 87' lang='lat' dir='ltr'>omni</span> <span class='ocrx_word' id='word_1_28' title='bbox 697 800 859 887; x_wconf 82' lang='lat' dir='ltr'>dignitate</span> <span class='ocrx_word' id='word_1_29' title='bbox 888 801 1055 887; x_wconf 81' lang='lat' dir='ltr'>principia</span> 
     </span>
     <span class='ocr_line' id='line_1_6' title="bbox 215 892 1055 980; baseline -0.008 -17"><span class='ocrx_word' id='word_1_30' title='bbox 215 895 279 963; x_wconf 84' lang='lat' dir='ltr'>viri</span> <span class='ocrx_word' id='word_1_31' title='bbox 293 896 457 980; x_wconf 87' lang='lat' dir='ltr'>applicare</span> <span class='ocrx_word' id='word_1_32' title='bbox 471 939 483 968; x_wconf 79' lang='grc'>.,</span> <span class='ocrx_word' id='word_1_33' title='bbox 496 893 665 958; x_wconf 73' lang='lat' dir='ltr'>sedamen</span> <span class='ocrx_word' id='word_1_34' title='bbox 683 892 815 975; x_wconf 91' lang='lat' dir='ltr'>quidem</span> <span class='ocrx_word' id='word_1_35' title='bbox 827 893 953 975; x_wconf 87' lang='lat' dir='ltr'>pudore</span> <span class='ocrx_word' id='word_1_36' title='bbox 967 910 1055 976; x_wconf 62' lang='lat' dir='ltr'>quoss</span> 
     </span>
     <span class='ocr_line' id='line_1_7' title="bbox 216 978 1056 1064; baseline 0 -18"><span class='ocrx_word' id='word_1_37' title='bbox 216 983 295 1049; x_wconf 82' lang='lat' dir='ltr'>dam</span> <span class='ocrx_word' id='word_1_38' title='bbox 312 983 381 1050; x_wconf 87' lang='lat' dir='ltr'>lum</span> <span class='ocrx_word' id='word_1_39' title='bbox 409 982 614 1056; x_wconf 73' lang='lat' dir='ltr'>deterritus,</span> <span class='ocrx_word' id='word_1_40' title='bbox 636 981 815 1064; x_wconf 75' lang='lat' dir='ltr'>quominus</span> <span class='ocrx_word' id='word_1_41' title='bbox 827 979 870 1041; x_wconf 91' lang='lat' dir='ltr'>ad</span> <span class='ocrx_word' id='word_1_42' title='bbox 883 992 917 1042; x_wconf 87' lang='lat' dir='ltr'>te</span> <span class='ocrx_word' id='word_1_43' title='bbox 929 978 1056 1046; x_wconf 77' lang='lat' dir='ltr'>scribe·</span> 
     </span>
     <span class='ocr_line' id='line_1_8' title="bbox 212 1070 1057 1154; baseline -0.005 -17"><span class='ocrx_word' id='word_1_44' title='bbox 212 1093 293 1137; x_wconf 83' lang='lat' dir='ltr'>tem.</span> <span class='ocrx_word' id='word_1_45' title='bbox 305 1073 389 1136; x_wconf 83' lang='lat' dir='ltr'>Cum</span> <span class='ocrx_word' id='word_1_46' title='bbox 408 1070 494 1134; x_wconf 91' lang='lat' dir='ltr'>enim</span> <span class='ocrx_word' id='word_1_47' title='bbox 510 1086 636 1133; x_wconf 88' lang='lat' dir='ltr'>mecum</span> <span class='ocrx_word' id='word_1_48' title='bbox 651 1070 840 1152; x_wconf 81' lang='lat' dir='ltr'>cogitarem,</span> <span class='ocrx_word' id='word_1_49' title='bbox 855 1084 1057 1154; x_wconf 69' lang='lat' dir='ltr'>qumquam</span> 
     </span>
     <span class='ocr_line' id='line_1_9' title="bbox 220 1155 1055 1242; baseline -0.002 -20"><span class='ocrx_word' id='word_1_50' title='bbox 220 1157 328 1242; x_wconf 85' lang='lat' dir='ltr'>tisque</span> <span class='ocrx_word' id='word_1_51' title='bbox 351 1174 385 1223; x_wconf 85' lang='lat' dir='ltr'>tu</span> <span class='ocrx_word' id='word_1_52' title='bbox 402 1159 454 1220; x_wconf 87' lang='lat' dir='ltr'>vel</span> <span class='ocrx_word' id='word_1_53' title='bbox 469 1157 570 1222; x_wconf 82' lang='lat' dir='ltr'>animi</span> <span class='ocrx_word' id='word_1_54' title='bbox 589 1155 706 1228; x_wconf 80' lang='lat' dir='ltr'>bonis,</span> <span class='ocrx_word' id='word_1_55' title='bbox 731 1155 785 1220; x_wconf 85' lang='lat' dir='ltr'>vel</span> <span class='ocrx_word' id='word_1_56' title='bbox 799 1155 937 1220; x_wconf 76' lang='lat' dir='ltr'>fortunat</span> <span class='ocrx_word' id='word_1_57' title='bbox 955 1177 1055 1222; x_wconf 86' lang='lat' dir='ltr'>orna·</span> 
     </span>
     <span class='ocr_line' id='line_1_10' title="bbox 216 1241 1055 1328; baseline 0 -18"><span class='ocrx_word' id='word_1_58' title='bbox 216 1246 340 1310; x_wconf 82' lang='lat' dir='ltr'>mentia</span> <span class='ocrx_word' id='word_1_59' title='bbox 365 1246 588 1319; x_wconf 77' lang='lat' dir='ltr'>redundares,</span> <span class='ocrx_word' id='word_1_60' title='bbox 614 1241 870 1328; x_wconf 88' lang='lat' dir='ltr'>intelligebam,</span> <span class='ocrx_word' id='word_1_61' title='bbox 894 1244 1055 1311; x_wconf 87' lang='lat' dir='ltr'>summam</span> 
     </span>
     <span class='ocr_line' id='line_1_11' title="bbox 215 1330 1054 1419; baseline -0.008 -21"><span class='ocrx_word' id='word_1_62' title='bbox 215 1336 250 1400; x_wconf 89' lang='lat' dir='ltr'>in</span> <span class='ocrx_word' id='word_1_63' title='bbox 266 1348 298 1399; x_wconf 90' lang='lat' dir='ltr'>te</span> <span class='ocrx_word' id='word_1_64' title='bbox 319 1335 516 1419; x_wconf 88' lang='lat' dir='ltr'>dignitatem</span> <span class='ocrx_word' id='word_1_65' title='bbox 533 1351 590 1405; x_wconf 86' lang='lat' dir='ltr'>,ac</span> <span class='ocrx_word' id='word_1_66' title='bbox 604 1331 828 1404; x_wconf 79' lang='lat' dir='ltr'>nobilitatem,</span> <span class='ocrx_word' id='word_1_67' title='bbox 843 1330 890 1394; x_wconf 87' lang='lat' dir='ltr'>ita</span> <span class='ocrx_word' id='word_1_68' title='bbox 905 1355 980 1396; x_wconf 89' lang='lat' dir='ltr'>cum</span> <span class='ocrx_word' id='word_1_69' title='bbox 995 1353 1054 1419; x_wconf 86' lang='lat' dir='ltr'>pa.</span> 
     </span>
     <span class='ocr_line' id='line_1_12' title="bbox 213 1421 1064 1507; baseline -0.002 -21"><span class='ocrx_word' id='word_1_70' title='bbox 213 1424 241 1486; x_wconf 84' lang='lat' dir='ltr'>ti</span> <span class='ocrx_word' id='word_1_71' title='bbox 270 1423 477 1507; x_wconf 85' lang='lat' dir='ltr'>prudentia,</span> <span class='ocrx_word' id='word_1_72' title='bbox 499 1421 624 1490; x_wconf 88' lang='lat' dir='ltr'>virtute</span> <span class='ocrx_word' id='word_1_73' title='bbox 650 1463 661 1492; x_wconf 84' lang='lat'>,</span> <span class='ocrx_word' id='word_1_74' title='bbox 684 1435 783 1504; x_wconf 89' lang='lat' dir='ltr'>atque</span> <span class='ocrx_word' id='word_1_75' title='bbox 814 1421 963 1484; x_wconf 68' lang='lat' dir='ltr'>dostrina</span> <span class='ocrx_word' id='word_1_76' title='bbox 993 1424 1064 1485; x_wconf 77' lang='lat' dir='ltr'>else·</span> 
     </span>
     <span class='ocr_line' id='line_1_13' title="bbox 212 1507 1053 1594; baseline -0.002 -21"><span class='ocrx_word' id='word_1_77' title='bbox 212 1513 415 1588; x_wconf 60' lang='lat' dir='ltr'>conjunctam</span> <span class='ocrx_word' id='word_1_78' title='bbox 445 1553 457 1584; x_wconf 90' lang='lat'>,</span> <span class='ocrx_word' id='word_1_79' title='bbox 483 1528 519 1573; x_wconf 92' lang='lat' dir='ltr'>ut</span> <span class='ocrx_word' id='word_1_80' title='bbox 542 1510 636 1592; x_wconf 83' lang='lat' dir='ltr'>pauci</span> <span class='ocrx_word' id='word_1_81' title='bbox 661 1507 840 1571; x_wconf 84' lang='lat' dir='ltr'>admodum</span> <span class='ocrx_word' id='word_1_82' title='bbox 866 1507 1053 1594; x_wconf 83' lang='lat' dir='ltr'>comparari</span> 
     </span>
     <span class='ocr_line' id='line_1_14' title="bbox 212 1598 1054 1684; baseline -0.007 -24"><span class='ocrx_word' id='word_1_83' title='bbox 212 1609 322 1661; x_wconf 88' lang='lat' dir='ltr'>tecum</span> <span class='ocrx_word' id='word_1_84' title='bbox 337 1598 425 1684; x_wconf 74' lang='lat' dir='ltr'>polle</span> <span class='ocrx_word' id='word_1_85' title='bbox 438 1599 610 1663; x_wconf 79' lang='lat' dir='ltr'>videantur</span> <span class='ocrx_word' id='word_1_86' title='bbox 621 1638 631 1659; x_wconf 82' lang='grc'><strong>.</strong></span> <span class='ocrx_word' id='word_1_87' title='bbox 644 1598 694 1659; x_wconf 89' lang='lat' dir='ltr'>lta</span> <span class='ocrx_word' id='word_1_88' title='bbox 707 1599 829 1670; x_wconf 81' lang='lat' dir='ltr'>fiebat,</span> <span class='ocrx_word' id='word_1_89' title='bbox 844 1612 881 1659; x_wconf 91' lang='lat' dir='ltr'>ut</span> <span class='ocrx_word' id='word_1_90' title='bbox 895 1615 964 1679; x_wconf 90' lang='lat' dir='ltr'>quo</span> <span class='ocrx_word' id='word_1_91' title='bbox 980 1617 1054 1660; x_wconf 91' lang='lat' dir='ltr'>ma.</span> 
     </span>
     <span class='ocr_line' id='line_1_15' title="bbox 213 1683 1052 1770; baseline 0.006 -25"><span class='ocrx_word' id='word_1_92' title='bbox 213 1683 264 1769; x_wconf 81' lang='lat' dir='ltr'>gis</span> <span class='ocrx_word' id='word_1_93' title='bbox 280 1686 415 1758; x_wconf 83' lang='lat' dir='ltr'>lludio,</span> <span class='ocrx_word' id='word_1_94' title='bbox 438 1699 537 1770; x_wconf 85' lang='lat' dir='ltr'>atque</span> <span class='ocrx_word' id='word_1_95' title='bbox 558 1705 669 1750; x_wconf 89' lang='lat' dir='ltr'>amore</span> <span class='ocrx_word' id='word_1_96' title='bbox 687 1685 736 1747; x_wconf 90' lang='lat' dir='ltr'>tui</span> <span class='ocrx_word' id='word_1_97' title='bbox 754 1683 963 1758; x_wconf 80' lang='lat' dir='ltr'>incenderet,</span> <span class='ocrx_word' id='word_1_98' title='bbox 991 1687 1052 1750; x_wconf 86' lang='lat' dir='ltr'>lroc</span> 
     </span>
     <span class='ocr_line' id='line_1_16' title="bbox 213 1768 1049 1839; baseline -0.005 -3"><span class='ocrx_word' id='word_1_99' title='bbox 213 1768 323 1839; x_wconf 81' lang='lat' dir='ltr'>minua</span> <span class='ocrx_word' id='word_1_100' title='bbox 342 1775 495 1839; x_wconf 88' lang='lat' dir='ltr'>auderem</span> <span class='ocrx_word' id='word_1_101' title='bbox 518 1775 551 1837; x_wconf 90' lang='lat' dir='ltr'>in</span> <span class='ocrx_word' id='word_1_102' title='bbox 579 1771 761 1836; x_wconf 83' lang='lat' dir='ltr'>amicitiam</span> <span class='ocrx_word' id='word_1_103' title='bbox 785 1793 840 1835; x_wconf 88' lang='lat' dir='ltr'>me·</span> <span class='ocrx_word' id='word_1_104' title='bbox 852 1787 951 1835; x_wconf 85' lang='lat' dir='ltr'>tuam</span> <span class='ocrx_word' id='word_1_105' title='bbox 968 1772 1049 1836; x_wconf 85' lang='lat' dir='ltr'>infr.</span> 
     </span>
     <span class='ocr_line' id='line_1_17' title="bbox 211 1857 1049 1949; baseline 0.001 -25"><span class='ocrx_word' id='word_1_106' title='bbox 211 1879 311 1928; x_wconf 78' lang='lat' dir='ltr'>auare</span> <span class='ocrx_word' id='word_1_107' title='bbox 325 1905 335 1935; x_wconf 84' lang='lat'>,</span> <span class='ocrx_word' id='word_1_108' title='bbox 360 1862 483 1949; x_wconf 83' lang='lat' dir='ltr'>quippe</span> <span class='ocrx_word' id='word_1_109' title='bbox 503 1883 580 1927; x_wconf 81' lang='lat' dir='ltr'>cum</span> <span class='ocrx_word' id='word_1_110' title='bbox 604 1859 751 1924; x_wconf 86' lang='lat' dir='ltr'>viderent</span> <span class='ocrx_word' id='word_1_111' title='bbox 767 1857 894 1925; x_wconf 91' lang='lat' dir='ltr'>nullam</span> <span class='ocrx_word' id='word_1_112' title='bbox 927 1859 992 1923; x_wconf 85' lang='lat' dir='ltr'>elle</span> <span class='ocrx_word' id='word_1_113' title='bbox 1016 1861 1049 1926; x_wconf 85' lang='lat' dir='ltr'>iu</span> 
     </span>
     <span class='ocr_line' id='line_1_18' title="bbox 211 1947 1049 2036; baseline 0 -23"><span class='ocrx_word' id='word_1_114' title='bbox 211 1969 264 2014; x_wconf 87' lang='lat' dir='ltr'>me</span> <span class='ocrx_word' id='word_1_115' title='bbox 286 1951 434 2036; x_wconf 84' lang='lat' dir='ltr'>ingenii,</span> <span class='ocrx_word' id='word_1_116' title='bbox 453 1964 510 2014; x_wconf 92' lang='lat' dir='ltr'>aut</span> <span class='ocrx_word' id='word_1_117' title='bbox 527 1947 681 2014; x_wconf 67' lang='lat' dir='ltr'>doctrine</span> <span class='ocrx_word' id='word_1_118' title='bbox 703 1949 922 2034; x_wconf 80' lang='lat' dir='ltr'>praestantiam</span> <span class='ocrx_word' id='word_1_119' title='bbox 940 1991 953 2022; x_wconf 93' lang='lat'>,</span> <span class='ocrx_word' id='word_1_120' title='bbox 975 1969 1049 2032; x_wconf 80' lang='lat' dir='ltr'>que</span> 
     </span>
     <span class='ocr_line' id='line_1_19' title="bbox 214 2033 1049 2122; baseline 0.001 -21"><span class='ocrx_word' id='word_1_121' title='bbox 214 2033 249 2102; x_wconf 85' lang='lat' dir='ltr'>in</span> <span class='ocrx_word' id='word_1_122' title='bbox 269 2036 438 2104; x_wconf 72' lang='lat' dir='ltr'>nonnullis</span> <span class='ocrx_word' id='word_1_123' title='bbox 455 2053 552 2105; x_wconf 88' lang='lat' dir='ltr'>antea</span> <span class='ocrx_word' id='word_1_124' title='bbox 571 2037 637 2101; x_wconf 86' lang='lat' dir='ltr'>fuit</span> <span class='ocrx_word' id='word_1_125' title='bbox 648 2080 662 2112; x_wconf 89' lang='lat'>,</span> <span class='ocrx_word' id='word_1_126' title='bbox 684 2040 742 2122; x_wconf 88' lang='lat' dir='ltr'>qui</span> <span class='ocrx_word' id='word_1_127' title='bbox 759 2034 793 2102; x_wconf 92' lang='lat' dir='ltr'>se</span> <span class='ocrx_word' id='word_1_128' title='bbox 805 2037 847 2099; x_wconf 90' lang='lat' dir='ltr'>ad</span> <span class='ocrx_word' id='word_1_129' title='bbox 864 2034 1049 2102; x_wconf 86' lang='lat' dir='ltr'>amicitiam</span> 
     </span>
     <span class='ocr_line' id='line_1_20' title="bbox 211 2125 1048 2213; baseline 0.001 -22"><span class='ocrx_word' id='word_1_130' title='bbox 211 2137 310 2191; x_wconf 84' lang='lat' dir='ltr'>tuam</span> <span class='ocrx_word' id='word_1_131' title='bbox 325 2125 535 2193; x_wconf 86' lang='lat' dir='ltr'>contulerunt</span> <span class='ocrx_word' id='word_1_132' title='bbox 559 2168 569 2191; x_wconf 83' lang='lat'><strong>.</strong></span> <span class='ocrx_word' id='word_1_133' title='bbox 593 2129 680 2193; x_wconf 87' lang='lat' dir='ltr'>Cum</span> <span class='ocrx_word' id='word_1_134' title='bbox 701 2146 780 2198; x_wconf 82' lang='lat' dir='ltr'>vero</span> <span class='ocrx_word' id='word_1_135' title='bbox 805 2128 870 2191; x_wconf 87' lang='lat' dir='ltr'>hot·</span> <span class='ocrx_word' id='word_1_136' title='bbox 896 2137 1048 2213; x_wconf 83' lang='lat' dir='ltr'>tempore</span> 
     </span>
     <span class='ocr_line' id='line_1_21' title="bbox 212 2212 1049 2297; baseline 0 -20"><span class='ocrx_word' id='word_1_137' title='bbox 212 2216 253 2277; x_wconf 87' lang='lat' dir='ltr'>ad</span> <span class='ocrx_word' id='word_1_138' title='bbox 270 2215 429 2280; x_wconf 84' lang='lat' dir='ltr'>B&#39;embnm</span> <span class='ocrx_word' id='word_1_139' title='bbox 444 2213 762 2297; x_wconf 79' lang='lat' dir='ltr'>scribent,pudorem</span> <span class='ocrx_word' id='word_1_140' title='bbox 781 2214 868 2277; x_wconf 87' lang='lat' dir='ltr'>hunc</span> <span class='ocrx_word' id='word_1_141' title='bbox 886 2212 1049 2279; x_wconf 86' lang='lat' dir='ltr'>subrusti-</span> 
     </span>
     <span class='ocr_line' id='line_1_22' title="bbox 211 2299 1051 2381; baseline -0.002 -17"><span class='ocrx_word' id='word_1_142' title='bbox 211 2323 284 2369; x_wconf 76' lang='lat' dir='ltr'>cum</span> <span class='ocrx_word' id='word_1_143' title='bbox 301 2320 408 2363; x_wconf 86' lang='lat' dir='ltr'>meum</span> <span class='ocrx_word' id='word_1_144' title='bbox 421 2299 658 2381; x_wconf 87' lang='lat' dir='ltr'>dimittendum</span> <span class='ocrx_word' id='word_1_145' title='bbox 680 2299 759 2361; x_wconf 90' lang='lat' dir='ltr'>mihi</span> <span class='ocrx_word' id='word_1_146' title='bbox 774 2300 970 2375; x_wconf 84' lang='lat' dir='ltr'>statuerim,</span> <span class='ocrx_word' id='word_1_147' title='bbox 995 2316 1051 2366; x_wconf 85' lang='lat' dir='ltr'>at.</span> 
     </span>
     <span class='ocr_line' id='line_1_23' title="bbox 211 2384 1048 2474; baseline 0.004 -24"><span class='ocrx_word' id='word_1_148' title='bbox 211 2410 275 2474; x_wconf 90' lang='lat' dir='ltr'>que</span> <span class='ocrx_word' id='word_1_149' title='bbox 290 2384 325 2447; x_wconf 92' lang='lat' dir='ltr'>id</span> <span class='ocrx_word' id='word_1_150' title='bbox 339 2385 524 2451; x_wconf 85' lang='lat' dir='ltr'>incredibili</span> <span class='ocrx_word' id='word_1_151' title='bbox 536 2390 607 2463; x_wconf 77' lang='lat' dir='ltr'>eiua</span> <span class='ocrx_word' id='word_1_152' title='bbox 617 2385 679 2450; x_wconf 85' lang='lat' dir='ltr'>viri</span> <span class='ocrx_word' id='word_1_153' title='bbox 696 2384 902 2449; x_wconf 79' lang='lat' dir='ltr'>humanitate</span> <span class='ocrx_word' id='word_1_154' title='bbox 919 2393 1048 2464; x_wconf 83' lang='lat' dir='ltr'>fretus,</span> 
     </span>
     <span class='ocr_line' id='line_1_24' title="bbox 212 2471 1050 2561; baseline -0.005 -21"><span class='ocrx_word' id='word_1_155' title='bbox 212 2475 337 2545; x_wconf 81' lang='lat' dir='ltr'>veritus</span> <span class='ocrx_word' id='word_1_156' title='bbox 352 2472 446 2548; x_wconf 88' lang='lat' dir='ltr'>sum,</span> <span class='ocrx_word' id='word_1_157' title='bbox 469 2496 510 2541; x_wconf 86' lang='lat' dir='ltr'>ne</span> <span class='ocrx_word' id='word_1_158' title='bbox 530 2475 553 2538; x_wconf 85' lang='lat' dir='ltr'>st</span> <span class='ocrx_word' id='word_1_159' title='bbox 577 2471 686 2541; x_wconf 80' lang='lat' dir='ltr'>tenere</span> <span class='ocrx_word' id='word_1_160' title='bbox 700 2492 751 2537; x_wconf 87' lang='lat' dir='ltr'>me</span> <span class='ocrx_word' id='word_1_161' title='bbox 765 2473 894 2537; x_wconf 76' lang='lat' dir='ltr'>diutius</span> <span class='ocrx_word' id='word_1_162' title='bbox 916 2476 1050 2561; x_wconf 86' lang='lat' dir='ltr'>potuis.</span> 
     </span>
     <span class='ocr_line' id='line_1_25' title="bbox 213 2559 1050 2653; baseline -0.011 -21"><span class='ocrx_word' id='word_1_163' title='bbox 213 2566 303 2639; x_wconf 83' lang='lat' dir='ltr'>lem,</span> <span class='ocrx_word' id='word_1_164' title='bbox 330 2563 509 2649; x_wconf 77' lang='lat' dir='ltr'>quominus</span> <span class='ocrx_word' id='word_1_165' title='bbox 522 2564 565 2627; x_wconf 86' lang='lat' dir='ltr'>ad</span> <span class='ocrx_word' id='word_1_166' title='bbox 587 2579 621 2629; x_wconf 90' lang='lat' dir='ltr'>te</span> <span class='ocrx_word' id='word_1_167' title='bbox 631 2580 767 2647; x_wconf 87' lang='lat' dir='ltr'>quoque</span> <span class='ocrx_word' id='word_1_168' title='bbox 780 2559 974 2637; x_wconf 85' lang='lat' dir='ltr'>scriberem,</span> <span class='ocrx_word' id='word_1_169' title='bbox 989 2584 1050 2653; x_wconf 81' lang='lat' dir='ltr'>pa.</span> 
     </span>
     <span class='ocr_line' id='line_1_26' title="bbox 212 2649 1049 2739; baseline -0.001 -20"><span class='ocrx_word' id='word_1_170' title='bbox 212 2675 286 2720; x_wconf 90' lang='lat' dir='ltr'>rum</span> <span class='ocrx_word' id='word_1_171' title='bbox 306 2652 504 2739; x_wconf 70' lang='lat' dir='ltr'>perspeltem</span> <span class='ocrx_word' id='word_1_172' title='bbox 521 2654 640 2718; x_wconf 88' lang='lat' dir='ltr'>habere</span> <span class='ocrx_word' id='word_1_173' title='bbox 656 2649 1049 2718; x_wconf 77' lang='lat' dir='ltr'>viderer-humanitatem</span> 
     </span>
     <span class='ocr_line' id='line_1_27' title="bbox 211 2738 1050 2828; baseline -0.002 -21"><span class='ocrx_word' id='word_1_174' title='bbox 211 2755 303 2811; x_wconf 85' lang='lat' dir='ltr'>tuam</span> <span class='ocrx_word' id='word_1_175' title='bbox 320 2758 329 2805; x_wconf 82' lang='lat' dir='ltr'>t</span> <span class='ocrx_word' id='word_1_176' title='bbox 354 2759 450 2828; x_wconf 89' lang='lat' dir='ltr'>quam</span> <span class='ocrx_word' id='word_1_177' title='bbox 467 2743 499 2806; x_wconf 91' lang='lat' dir='ltr'>iu</span> <span class='ocrx_word' id='word_1_178' title='bbox 515 2755 548 2806; x_wconf 91' lang='lat' dir='ltr'>te</span> <span class='ocrx_word' id='word_1_179' title='bbox 560 2738 720 2805; x_wconf 89' lang='lat' dir='ltr'>virtutem</span> <span class='ocrx_word' id='word_1_180' title='bbox 732 2739 800 2803; x_wconf 88' lang='lat' dir='ltr'>tam</span> <span class='ocrx_word' id='word_1_181' title='bbox 813 2739 972 2805; x_wconf 85' lang='lat' dir='ltr'>eximiam</span> <span class='ocrx_word' id='word_1_182' title='bbox 984 2741 1050 2806; x_wconf 76' lang='lat' dir='ltr'>‘effe</span> 
     </span>
     <span class='ocr_line' id='line_1_28' title="bbox 211 2826 1051 2912; baseline -0.004 -17"><span class='ocrx_word' id='word_1_183' title='bbox 211 2829 337 2897; x_wconf 83' lang='lat' dir='ltr'>constat</span> <span class='ocrx_word' id='word_1_184' title='bbox 363 2872 377 2904; x_wconf 83' lang='lat'>,</span> <span class='ocrx_word' id='word_1_185' title='bbox 400 2843 439 2893; x_wconf 90' lang='lat' dir='ltr'>ut</span> <span class='ocrx_word' id='word_1_186' title='bbox 460 2849 534 2894; x_wconf 85' lang='lat' dir='ltr'>cnm</span> <span class='ocrx_word' id='word_1_187' title='bbox 562 2830 699 2912; x_wconf 86' lang='lat' dir='ltr'>reliquis</span> <span class='ocrx_word' id='word_1_188' title='bbox 723 2826 1051 2902; x_wconf 67' lang='lat' dir='ltr'>virtutibus-nemini</span> 
     </span>
     <span class='ocr_line' id='line_1_29' title="bbox 212 2914 1054 3003; baseline -0.004 -19"><span class='ocrx_word' id='word_1_189' title='bbox 212 2920 255 2984; x_wconf 79' lang='lat' dir='ltr'>fit</span> <span class='ocrx_word' id='word_1_190' title='bbox 279 2917 444 3003; x_wconf 81' lang='lat' dir='ltr'>inferior,</span> <span class='ocrx_word' id='word_1_191' title='bbox 465 2919 527 2980; x_wconf 85' lang='lat' dir='ltr'>hae</span> <span class='ocrx_word' id='word_1_192' title='bbox 547 2917 648 2980; x_wconf 90' lang='lat' dir='ltr'>etiam</span> <span class='ocrx_word' id='word_1_193' title='bbox 663 2918 704 2980; x_wconf 83' lang='lat' dir='ltr'>lie</span> <span class='ocrx_word' id='word_1_194' title='bbox 725 2914 821 2981; x_wconf 90' lang='lat' dir='ltr'>laude</span> <span class='ocrx_word' id='word_1_195' title='bbox 838 2916 1054 2981; x_wconf 80' lang='lat' dir='ltr'>clarillimus.</span> 
     </span>
     <span class='ocr_line' id='line_1_30' title="bbox 209 3002 1051 3087; baseline -0.004 -16"><span class='ocrx_word' id='word_1_196' title='bbox 209 3009 258 3071; x_wconf 81' lang='lat' dir='ltr'>Ac</span> <span class='ocrx_word' id='word_1_197' title='bbox 269 3025 320 3068; x_wconf 90' lang='lat' dir='ltr'>me</span> <span class='ocrx_word' id='word_1_198' title='bbox 335 3004 468 3087; x_wconf 91' lang='lat' dir='ltr'>quidem</span> <span class='ocrx_word' id='word_1_199' title='bbox 479 3025 550 3069; x_wconf 88' lang='lat' dir='ltr'>cum</span> <span class='ocrx_word' id='word_1_200' title='bbox 564 3002 687 3069; x_wconf 90' lang='lat' dir='ltr'>summa</span> <span class='ocrx_word' id='word_1_201' title='bbox 699 3016 755 3066; x_wconf 91' lang='lat' dir='ltr'>tua</span> <span class='ocrx_word' id='word_1_202' title='bbox 771 3003 956 3067; x_wconf 83' lang='lat' dir='ltr'>humanitas</span> <span class='ocrx_word' id='word_1_203' title='bbox 972 3048 983 3078; x_wconf 89' lang='lat'>,</span> <span class='ocrx_word' id='word_1_204' title='bbox 1008 3016 1051 3068; x_wconf 82' lang='lat' dir='ltr'>ut</span> 
     </span>
     <span class='ocr_line' id='line_1_31' title="bbox 210 3090 1051 3178; baseline 0.002 -23"><span class='ocrx_word' id='word_1_205' title='bbox 210 3094 271 3155; x_wconf 82' lang='lat' dir='ltr'>has</span> <span class='ocrx_word' id='word_1_206' title='bbox 294 3091 334 3154; x_wconf 92' lang='lat' dir='ltr'>ad</span> <span class='ocrx_word' id='word_1_207' title='bbox 349 3105 385 3155; x_wconf 88' lang='lat' dir='ltr'>te</span> <span class='ocrx_word' id='word_1_208' title='bbox 402 3090 516 3178; x_wconf 76' lang='lat' dir='ltr'>literae</span> <span class='ocrx_word' id='word_1_209' title='bbox 536 3093 646 3155; x_wconf 88' lang='lat' dir='ltr'>darem</span> <span class='ocrx_word' id='word_1_210' title='bbox 667 3095 798 3155; x_wconf 90' lang='lat' dir='ltr'>hortata</span> <span class='ocrx_word' id='word_1_211' title='bbox 815 3092 878 3166; x_wconf 87' lang='lat' dir='ltr'>est,</span> <span class='ocrx_word' id='word_1_212' title='bbox 903 3104 975 3157; x_wconf 88' lang='lat' dir='ltr'>tum</span> <span class='ocrx_word' id='word_1_213' title='bbox 991 3116 1051 3159; x_wconf 82' lang='lat' dir='ltr'>ve·</span> 
     </span>
     <span class='ocr_line' id='line_1_32' title="bbox 211 3177 1053 3263; baseline 0.001 -20"><span class='ocrx_word' id='word_1_214' title='bbox 211 3198 251 3243; x_wconf 91' lang='lat' dir='ltr'>ro</span> <span class='ocrx_word' id='word_1_215' title='bbox 264 3177 411 3241; x_wconf 87' lang='lat' dir='ltr'>amicitia</span> <span class='ocrx_word' id='word_1_216' title='bbox 427 3197 482 3254; x_wconf 87' lang='lat' dir='ltr'>ee,</span> <span class='ocrx_word' id='word_1_217' title='bbox 510 3199 580 3263; x_wconf 83' lang='lat' dir='ltr'>quae</span> <span class='ocrx_word' id='word_1_218' title='bbox 596 3179 658 3242; x_wconf 90' lang='lat' dir='ltr'>tibi</span> <span class='ocrx_word' id='word_1_219' title='bbox 672 3200 743 3243; x_wconf 93' lang='lat' dir='ltr'>cum</span> <span class='ocrx_word' id='word_1_220' title='bbox 758 3180 882 3249; x_wconf 87' lang='lat' dir='ltr'>Jacobo</span> <span class='ocrx_word' id='word_1_221' title='bbox 894 3179 1053 3246; x_wconf 84' lang='lat' dir='ltr'>Sadoleto</span> 
     </span>
    </p>
   </div>
   <div class='ocr_carea' id='block_1_2' title="bbox 121 3263 1055 3349">
    <p class='ocr_par' dir='ltr' id='par_1_3' title="bbox 121 3263 1055 3349">
     <span class='ocr_line' id='line_1_33' title="bbox 121 3263 1055 3349; baseline -0.005 -17"><span class='ocrx_word' id='word_1_222' title='bbox 121 3296 123 3300; x_wconf 58' lang='grc'>’</span> <span class='ocrx_word' id='word_1_223' title='bbox 214 3265 288 3332; x_wconf 82' lang='lat' dir='ltr'>viro</span> <span class='ocrx_word' id='word_1_224' title='bbox 317 3263 479 3339; x_wconf 73' lang='lat' dir='ltr'>lectitlimo</span> <span class='ocrx_word' id='word_1_225' title='bbox 503 3286 539 3331; x_wconf 90' lang='lat' dir='ltr'>ae</span> <span class='ocrx_word' id='word_1_226' title='bbox 565 3266 818 3349; x_wconf 87' lang='lat' dir='ltr'>praestantitlimo</span> <span class='ocrx_word' id='word_1_227' title='bbox 840 3267 984 3331; x_wconf 83' lang='lat' dir='ltr'>maxima</span> <span class='ocrx_word' id='word_1_228' title='bbox 1000 3270 1055 3332; x_wconf 90' lang='lat' dir='ltr'>in.</span> 
     </span>
    </p>
   </div>
   <div class='ocr_carea' id='block_1_3' title="bbox 208 3352 1055 3772">
    <p class='ocr_par' dir='ltr' id='par_1_4' title="bbox 208 3352 1053 3723">
     <span class='ocr_line' id='line_1_34' title="bbox 212 3352 1053 3440; baseline 0.002 -23"><span class='ocrx_word' id='word_1_229' title='bbox 212 3352 376 3427; x_wconf 84' lang='lat' dir='ltr'>tercedit,</span> <span class='ocrx_word' id='word_1_230' title='bbox 401 3373 503 3440; x_wconf 86' lang='lat' dir='ltr'>prope</span> <span class='ocrx_word' id='word_1_231' title='bbox 527 3353 661 3437; x_wconf 87' lang='lat' dir='ltr'>coegit.</span> <span class='ocrx_word' id='word_1_232' title='bbox 688 3352 822 3419; x_wconf 86' lang='lat' dir='ltr'>Etenim</span> <span class='ocrx_word' id='word_1_233' title='bbox 838 3376 911 3419; x_wconf 90' lang='lat' dir='ltr'>cum</span> <span class='ocrx_word' id='word_1_234' title='bbox 936 3378 988 3421; x_wconf 91' lang='lat' dir='ltr'>me</span> <span class='ocrx_word' id='word_1_235' title='bbox 1010 3354 1053 3420; x_wconf 89' lang='lat' dir='ltr'>ad</span> 
     </span>
     <span class='ocr_line' id='line_1_35' title="bbox 212 3440 1052 3527; baseline 0.007 -24"><span class='ocrx_word' id='word_1_236' title='bbox 212 3440 398 3509; x_wconf 85' lang='lat' dir='ltr'>amicitiam</span> <span class='ocrx_word' id='word_1_237' title='bbox 420 3444 489 3519; x_wconf 80' lang='lat' dir='ltr'>ejus</span> <span class='ocrx_word' id='word_1_238' title='bbox 513 3450 613 3526; x_wconf 90' lang='lat' dir='ltr'>at&#39;que</span> <span class='ocrx_word' id='word_1_239' title='bbox 638 3443 820 3506; x_wconf 66' lang='lat' dir='ltr'>conuitium</span> <span class='ocrx_word' id='word_1_240' title='bbox 844 3463 929 3508; x_wconf 92' lang='lat' dir='ltr'>anno</span> <span class='ocrx_word' id='word_1_241' title='bbox 954 3443 1052 3527; x_wconf 88' lang='lat' dir='ltr'>supe·</span> 
     </span>
     <span class='ocr_line' id='line_1_36' title="bbox 211 3528 1053 3615; baseline 0.004 -22"><span class='ocrx_word' id='word_1_242' title='bbox 211 3530 296 3593; x_wconf 86' lang='lat' dir='ltr'>tiore</span> <span class='ocrx_word' id='word_1_243' title='bbox 319 3528 516 3595; x_wconf 86' lang='lat' dir='ltr'>contulerim</span> <span class='ocrx_word' id='word_1_244' title='bbox 541 3575 552 3605; x_wconf 95' lang='lat'>,</span> <span class='ocrx_word' id='word_1_245' title='bbox 576 3543 716 3615; x_wconf 87' lang='lat' dir='ltr'>cumque</span> <span class='ocrx_word' id='word_1_246' title='bbox 748 3533 848 3615; x_wconf 91' lang='lat' dir='ltr'>probe</span> <span class='ocrx_word' id='word_1_247' title='bbox 874 3534 1053 3607; x_wconf 86' lang='lat' dir='ltr'>noverim,</span> 
     </span>
     <span class='ocr_line' id='line_1_37' title="bbox 208 3613 1053 3723; baseline 0 -39"><span class='ocrx_word' id='word_1_248' title='bbox 208 3630 410 3703; x_wconf 77' lang='lat' dir='ltr'>quantopere</span> <span class='ocrx_word' id='word_1_249' title='bbox 432 3630 463 3684; x_wconf 91' lang='lat' dir='ltr'>te</span> <span class='ocrx_word' id='word_1_250' title='bbox 492 3618 551 3686; x_wconf 91' lang='lat' dir='ltr'>ille</span> <span class='ocrx_word' id='word_1_251' title='bbox 577 3633 686 3693; x_wconf 89' lang='lat' dir='ltr'>amet,</span> <span class='ocrx_word' id='word_1_252' title='bbox 712 3618 892 3704; x_wconf 88' lang='lat' dir='ltr'>quantique</span> <span class='ocrx_word' id='word_1_253' title='bbox 922 3613 1053 3723; x_wconf 74' lang='lat' dir='ltr'>faciat,</span> 
     </span>
    </p>

    <p class='ocr_par' dir='ltr' id='par_1_5' title="bbox 950 3728 1055 3772">
     <span class='ocr_line' id='line_1_38' title="bbox 950 3728 1055 3772; baseline 0.01 -1"><span class='ocrx_word' id='word_1_254' title='bbox 950 3728 1055 3772; x_wconf 87' lang='lat' dir='ltr'>nrmr·</span> 
     </span>
    </p>
   </div>
   <div class='ocr_carea' id='block_1_4' title="bbox 0 0 1276 4350">
    <p class='ocr_par' dir='ltr' id='par_1_6' title="bbox 0 0 1276 4350">
     <span class='ocr_line' id='line_1_39' title="bbox 0 0 1276 4350; baseline 0 0"><span class='ocrx_word' id='word_1_255' title='bbox 0 0 1276 4350; x_wconf 95' lang='lat' dir='ltr'> </span> 
     </span>
    </p>
   </div>
  </div>
 </body>
</html>
