2542 4350
292 472 420 567 cxviii
478 478 669 592 Jnconr
707 471 987 559 Sunornrr

288 626 391 707 ves3
422 596 571 709 quippe
603 591 676 703 qui
706 588 764 695 ,ad
794 589 1141 706 septuagefimum

198 776 201 781 ·
287 743 441 805 annum
473 712 782 820 accesserimus,
812 715 853 797 8(
890 711 1140 823 quotidianis

285 834 627 923 ’distributionibus
659 831 882 947 impediti,
914 836 953 917 8(
972 861 1056 917 non
1082 832 1142 934 [a-

284 958 338 1045 tis
378 954 495 1040 firma
536 951 806 1061 valetudine,
847 971 1012 1037 tantum
1057 953 1138 1040 hoc

288 1103 388 1162 onus
421 1076 560 1160 toliere
592 1101 805 1188 gerereque
842 1070 1139 1185 instituamuS,

288 1194 399 1308 quod
441 1195 570 1308 magis
611 1191 795 1279 videatur
833 1193 995 1277 florenti
1038 1194 1138 1279 vali·

288 1315 428 1428 daque
461 1314 612 1421 aetati,
644 1340 767 1424 quam
808 1308 946 1397 nostra
987 1309 1141 1399 affecta

290 1462 338 1523 ac
369 1433 584 1519 debilitatae
602 1432 852 1543 convenire;
883 1451 1021 1518 tamen
1056 1434 1138 1519 Dei

289 1553 508 1643 clementia
546 1556 587 1653 8(
639 1553 822 1638 bonitate
852 1550 1030 1666 confisi,
1066 1554 1140 1666 qui

288 1676 377 1791 pias
416 1674 553 1773 foyere
602 1675 828 1761 voluntates
867 1670 922 1757 est
963 1671 1137 1786 solitus,

281 1793 409 1908 idque
447 1819 543 1881 ante
582 1795 715 1881 oculos
757 1794 929 1909 posrtum
974 1791 1134 1880 intuen-

282 1933 346 2003 tes
362 1945 377 2027 ;
407 1911 458 2001 de
488 1943 570 2027 quo
598 1911 883 2028 supra'dicium
910 1910 998 2021 est,
1033 1941 1133 2025 nos,

287 2061 371 2121 non
413 2035 596 2147 ignave3
635 2032 700 2116 sed
739 2034 901 2121 sortiter
942 2057 1135 2121 conantes

283 2175 517 2238 extremum
557 2149 666 2236 diem
697 2150 773 2237 fati
818 2152 1031 2273 expeiiare
1064 2154 1134 2243 de·

282 2269 375 2355 bere
392 2299 406 2380 3
436 2299 517 2355 non
534 2268 860 2385 deterrebimur,
891 2277 991 2388 quin
1012 2276 1130 2362 omni

281 2388 412 2476 nostra
443 2393 483 2475 8(
513 2389 642 2477 animi
679 2398 974 2506 contentione,
1005 2400 1046 2482 8(
1079 2398 1138 2483 la·

281 2508 423 2618 boris,
453 2508 651 2597 subcisrvis
669 2512 776 2599 horis
794 2513 1007 2602 dumtaxat
1027 2514 1047 2629 (
1069 2545 1139 2602 ne·

282 2656 364 2743 que
395 2631 507 2718 enim
537 2632 654 2719 aliter
683 2634 796 2720 nobis
840 2635 895 2720 est
931 2631 1135 2749 licitum)

281 2748 466 2836 nitamur
508 2751 628 2863 usque
664 2782 710 2840 ac
750 2754 1030 2862 elaboremus,
1062 2754 1133 2841 do·

280 2896 355 2953 nec
386 2869 576 2955 cudamus
607 2897 630 2955 e
661 2897 795 2959 vetere
823 2876 981 2984 forma,
1002 2904 1131 2987 quan·

278 3007 370 3072 tum
403 2989 443 3074 in
473 2990 585 3075 nobis
602 2992 712 3102 erit,
742 3020 883 3110 aptum
918 2996 1129 3083 idoneum·

278 3133 360 3218 que
381 3110 493 3194 velut
512 3111 799 3220 simulacrum,
828 3115 868 3201 in
890 3144 972 3227 quo
990 3180 1003 3225 ,
1024 3139 1129 3203 tam·

274 3251 400 3337 quam
433 3229 474 3313 in
514 3227 703 3344 speculo,
736 3235 844 3319 cerni
885 3240 925 3323 8(
967 3237 1126 3346 agnosci

272 3343 325 3430 ab
378 3346 565 3434 omnibus
607 3354 722 3466 polirt
771 3384 859 3465 quae
910 3358 1127 3445 Christiani

271 3461 451 3551 hominis
493 3469 623 3577 vita,
664 3477 704 3560 8(
742 3473 963 3584 cujusmodi
1002 3478 1126 3591 speci·

272 3608 369 3673 men
403 3605 569 3680 'morum
609 3621 656 3681 ae
697 3592 914 3705 studiorum
957 3598 999 3682 in
1038 3600 1123 3684 Dei

1018 3743 1120 3830 Praes
