2542 4350
290 493 336 580 ’μ
440 483 650 564 rucour
681 480 993 557 sruouurr

293 583 427 648 dicare.
450 579 603 666 Qorum
624 575 797 650 omnium,
821 580 852 642 dt
874 583 1089 656 verborum,
1110 588 1137 653 ἃ

293 690 433 756 operum
449 666 712 752 magnificentia,
736 687 756 730 a
772 679 869 729 tauto
880 669 914 732 St
931 682 1006 733 tam
1021 669 1138 737 illustri

290 761 383 844 Rege
397 758 541 844 profetia
554 800 566 830 ‚
591 757 746 821 inufitata
758 754 896 839 quidem
910 757 1018 822 nobis
1036 765 1068 830 dt
1080 762 1140 826 mi·
1171 774 1174 823 l

291 848 410 912 rabilia
434 842 504 911 vila
526 846 592 921 est,
615 846 729 911 auimo
741 847 1042 932 percurrentibus,
1060 869 1145 934 quat-

293 951 332 1001 tu
350 934 561 1023 provincias,
585 954 670 1023 quae
684 934 856 1020 regiones,
872 951 962 1018 quae
975 955 1061 1004 orae
1074 952 1137 1002 taur

294 1025 462 1089 terrellrea
484 1043 589 1109 quam
609 1022 795 1088 maritimae
812 1022 941 1090 virtute
967 1044 1011 1088 ae
1035 1029 1138 1092 vido·

291 1113 368 1186 tia,
390 1115 469 1178 Deo
480 1113 624 1187 comite,
648 1111 842 1198 peragrall'ee
857 1127 921 1189 3ut
935 1126 970 1179 te
984 1117 1138 1198 praestan·

292 1201 448 1266 tiffimum
461 1205 585 1287 Regem
597 1221 664 1266 uou
678 1200 786 1266 solum
801 1203 911 1268 nostra
925 1245 937 1276 ,
961 1199 1027 1267 sed
1041 1205 1137 1272 etiam

283 1289 508 1374 antiquitatis
533 1289 693 1355 memoria
705 1287 913 1376 praebuisses.
938 1292 1008 1355 Sed
1033 1292 1140 1360 multo

292 1379 439 1453 clarior,
460 1396 562 1463 atque
575 1377 806 1442 admirabilior
820 1374 890 1443 visa
912 1379 962 1443 est
985 1381 1024 1448 in
1045 1389 1145 1449 tautol

290 1469 413 1554 Rege,
450 1471 480 1535 dr
501 1465 631 1554 optima
653 1486 728 1552 erga
745 1464 858 1533 mum
886 1467 1056 1536 voluutas
1077 1474 1139 1547 ,dt

290 1553 422 1624 famma
440 1556 591 1644 Religio:
615 1554 746 1620 animus
762 1574 865 1628 vero,
887 1560 919 1624 ἃ
934 1557 1139 1627 benevolum.

291 1646 344 1712 tia
363 1666 531 1736 enganna,
554 1657 736 1710 ceterarum
761 1664 872 1710 rerum
896 1649 1058 1714 omnium
1075 1669 1136 1715 uo.

293 1736 350 1800 bie
370 1736 492 1802 accidit
515 1734 756 1818 jucundiffima.
779 1733 997 1825 Qamquam
1021 1737 1141 1807 enirn.»

294 1826 462 1891 maximat
485 1869 497 1902 ,
519 1847 558 1892 ac
576 1822 824 1915 preclarillirnaa
842 1842 894 1885 ree
919 1824 1023 1892 nobie
1051 1827 1140 1893 dono

296 1914 445 1990 rnifilii,
480 1929 590 1981 tamen
620 1913 731 1977 multo
764 1912 920 1976 habemur
949 1915 1139 2000 gratiorem

293 2021 443 2069 amorem
475 2024 551 2091 erga
576 2020 636 2066 noe
667 2017 763 2066 tuum
790 2019 924 2085 ,qnam
948 2007 1139 2070 curetarum

292 2113 424 2179 epum,
446 2095 477 2158 dt
499 2090 696 2157 divitiarum
720 2089 990 2178 apparationem.
1017 2097 1141 2180 Itaque

297 2200 433 2245 munera
448 2182 586 2264 quidem
604 2194 686 2254 tua,
712 2197 750 2243 ut
761 2178 858 2244 nobis
873 2181 1052 2249 currilium
1064 2228 1079 2261 ,
1102 2184 1138 2249 itt

298 2265 442 2333 sacrario
467 2267 567 2332 nostri
589 2266 719 2333 delubri
747 2267 890 2333 Palatini
912 2269 1139 2339 conservaturi

295 2355 433 2433 furnus,
458 2372 491 2421 te
503 2377 582 2423 vero
595 2354 703 2442 ipsum
725 2377 763 2425 ae
780 2355 1050 2446 prestantiffimaa
1068 2362 1141 2427 uir·

294 2462 390 2514 tutes
409 2465 484 2515 tuas
499 2448 532 2513 in
546 2447 645 2511 corde
660 2492 671 2524 ,
687 2461 789 2530 atque
802 2446 915 2511 auimo
931 2448 1045 2514 nostro
1059 2470 1138 2537 per.

295 2554 401 2628 petuo
418 2536 704 2605 conservabimus.
726 2537 863 2602 Utinam
876 2555 958 2621 quae
972 2537 1139 2605 vellentne

299 2628 428 2716 gratiae
451 2644 515 2694 tuae
544 2626 718 2693 Serenitati
733 2647 827 2714 agere
852 2626 1040 2713 possemus:
1064 2629 1147 2717 agi.·

294 2740 372 2784 ntus
396 2718 530 2803 quidem
555 2717 716 2781 maximas
729 2740 741 2795 3
765 2715 972 2801 sumusque,
994 2719 1018 2781 sr
1038 2738 1140 2784 occa.

297 2807 347 2869 lio
372 2807 457 2870 feret
482 2848 493 2878 ,
517 2803 699 2886 aliquando
723 2805 861 2871 relaturi
886 2851 897 2871 .
932 2807 995 2872 Sed
1019 2808 1147 2874 referet·

299 2894 394 2957 Deus
405 2891 497 2978 ipse,
521 2892 576 2977 qui
597 2914 655 2958 nec
668 2896 826 2981 pietatem
840 2908 932 2960 tuam
947 2896 1141 2963 eoelestibut

294 2976 365 3043 suis
382 2981 552 3067 premiis,
576 3001 649 3065 que
676 2979 929 3058 maximasunt,
955 2984 1141 3052 irremune-

293 3082 435 3144 ratam,
471 3091 530 3135 nec
552 3071 696 3135 nostram
723 3070 940 3161 cupiditatem
963 3074 1143 3139 referendae

295 3158 408 3241 gratia
429 3203 440 3234 ,
465 3174 503 3222 ut
524 3159 750 3238 confidimus,
783 3158 912 3223 irritam
935 3158 995 3222 else
1018 3159 1102 3223 srnet
1127 3208 1139 3226 .

294 3246 368 3311 Noe
383 3249 543 3329 quidem,
568 3249 661 3332 quod
674 3249 800 3315 nostrae
814 3246 859 3311 eli
878 3243 1050 3332 potestatis
1068 3287 1078 3316 ,
1103 3253 1139 3319 δι

294 3334 490 3418 singularem
517 3335 783 3405 benevolentiam
809 3347 873 3399 tue
891 3352 964 3418 erga
987 3350 1048 3394 noe
1070 3356 1140 3400 vo·

295 3420 419 3487 luntati
438 3441 598 3510 perpetuo
612 3427 756 3491 babituri
771 3424 883 3491 sunaus
897 3426 948 3499 ,St
967 3417 1136 3489 summunt

296 3514 452 3577 honorem
472 3516 616 3580 uirtuti.
640 3516 767 3583 Datum
779 3516 892 3581 Romae
909 3512 1036 3578 die'xr.
1054 3514 1137 3596 Maji

297 3617 393 3687 ¹5¹4·
410 3620 495 3666 anno
509 3602 675 3674 secundo·

328 3697 358 3722 ·'
387 3689 508 3763 LeoX.
666 3689 678 3701 ”
775 3728 779 3734 ·
839 3694 1046 3762 Saduletus.
