2542 4350
326 565 370 632 64
476 552 677 628 Jacool
714 549 1004 622 SADOLETI

327 644 412 710 tioni
428 644 575 710 Ecclefioe
589 641 641 706 cui
652 657 808 729 praeerat,
822 642 854 704 iu
870 645 1026 708 manibus
1040 637 1153 705 nostrin
1168 643 1172 655 '

325 733 490 819 sponte&
512 732 611 794 libere
644 727 801 802 cellilset,
835 723 961 813 uosque
994 731 1155 796 celliouem

325 819 430 907 ipsam
447 818 640 882 duxerimus
662 815 927 892 admittendam,
952 816 1107 890 vacanti,
1120 819 1155 879 de

323 904 462 997 persona
487 919 543 969 tua
563 949 574 980 ‚
598 904 721 975 nobie,
744 907 774 969 ἃ
795 904 953 969 fratribus
974 906 1095 970 uostris
1116 904 1156 967 ob

322 1008 459 1059 tuorum
474 992 673 1078 exigentiam
688 989 878 1057 meritorum
896 1009 1058 1078 accepta,
1079 1010 1153 1077 pro·

325 1082 533 1156 viderimus,
558 1095 655 1163 teque
677 1077 729 1143 illi
752 1077 783 1140 in
796 1080 959 1145 Pastorem
975 1080 1155 1166 praefeceri-

323 1190 424 1243 mus,
448 1169 522 1237 &in
539 1166 707 1254 praeseutia
729 1187 794 1230 nou
815 1166 925 1250 valeas
940 1169 986 1232 ob
1002 1168 1154 1234 contiuua

323 1258 465 1333 itinera,
479 1277 549 1340 quae
561 1257 601 1319 de
610 1257 788 1320 necesitate
801 1274 861 1318 nos
874 1253 1045 1338 sequendo
1058 1252 1154 1329 subis,

325 1348 355 1412 u
372 1345 435 1410 alia
451 1346 494 1409 im
522 1344 713 1418 edimenta,
738 1341 867 1406 litteras
881 1343 1080 1431 provisionis
1096 1345 1153 1405 ltu·

325 1432 468 1513 jusmodi
490 1369 546 1497 siah
563 1430 702 1517 plumbo
725 1431 878 1514 expedire
894 1454 906 1510 ς
930 1453 991 1495 nos
1007 1432 1154 1496 volentes

328 1534 362 1586 te
387 1519 617 1605 praemissorum
646 1517 841 1583 meritorum
855 1530 987 1583 tuorum
1006 1525 1036 1588 Sc
1052 1521 1155 1583 virtu-

327 1604 535 1674 tum'iutuitu
556 1603 688 1694 speciali
716 1605 821 1690 gratia
837 1605 1016 1692 prosequi,
1041 1611 1153 1670 harum

324 1711 439 1763 tenore
454 1697 514 1762 tibi
528 1694 718 1761 facultatem
738 1696 946 1760 concedimus
966 1700 997 1762 dc
1012 1695 1155 1759 auctori·

325 1798 454 1862 tatem,
477 1784 636 1850 aclualem
659 1784 871 1868 polleffiouem
898 1785 992 1848 diue
1006 1783 1154 1849 Ecclesre

324 1897 382 1961 per
397 1890 452 1952 te,
475 1874 526 1938 vel
538 1878 782 1940 Procuratorem
796 1885 891 1935 tuum
910 1874 951 1935 ad
966 1876 1029 1936 hoc
1041 1871 1154 1952 legiti-

324 1983 378 2027 me
392 1963 605 2040 coustitutum
619 1959 901 2046 apprehendendi,
913 1959 1071 2044 illiusque
1086 1962 1156 2024 fru-

326 2051 397 2114 cius
411 2095 421 2123 ,
445 2053 594 2116 redditus
608 2092 617 2121 ,
641 2054 670 2113 dc
683 2062 860 2135 proventus
873 2050 1027 2132 exigendi
1040 2048 1153 2112 levan-

322 2138 424 2223 dique
450 2160 462 2216 ς
486 2141 674 2206 mandantes
703 2152 874 2223 propterea
903 2138 1033 2204 dilectis
1070 2135 1169 2208 filiis,

323 2225 585 2303 Archidiacono,
608 2224 802 2301 canonicis,
827 2226 1029 2315 &capitulo
1059 2225 1154 2289 dictae

319 2313 596 2381 Ecclenaeualiis
610 2312 768 2378 omuibus
786 2316 827 2378 ad
849 2336 934 2397 quos
950 2315 1071 2403 spectat
1095 2314 1153 2382 sub

321 2402 429 2489 poeuis
450 2407 479 2469 da
502 2401 644 2469 censuris
659 2401 908 2481 Ecclesiasticis',
932 2421 1095 2488 quatenus
1117 2418 1151 2468 te

321 2494 364 2554 ad
383 2492 569 2571 hujusmodi
585 2488 796 2577 pollelliouem
812 2492 968 2576 recipitur
985 2498 1015 2559 de
1026 2494 1151 2555 admit·

320 2594 415 2655 tant,
438 2602 474 2647 ac
488 2584 518 2646 in
529 2580 727 2667 Episcopum
743 2623 754 2653 ,
777 2586 807 2648 dc
821 2581 982 2648 Pauorem
995 2600 1152 2664 recogno·

319 2667 410 2734 scant
425 2695 436 2751 3
452 2671 536 2735 selic.
549 2668 674 2735 record.
686 2667 845 2734 Bonifacii
857 2674 947 2758 Papae
961 2670 1053 2735 VIll.
1066 2668 1150 2754 prre‘·

313 2758 491 2822 decessoris
514 2757 614 2823 nostri
635 2775 705 2838 quae
721 2754 837 2845 incipit
860 2801 883 2832 „
901 2759 1052 2836 Iniuuiiae
1073 2799 1095 2831 ,‚
1118 2760 1148 2823 Se

312 2844 393 2907 aliis
417 2844 706 2909 constitutionibus
728 2845 1042 2912 &ordinationibus
1059 2856 1150 2929 Apo·

315 2932 442 2995 stolicie
465 2975 476 3005 ‚
499 2930 680 3015 ceterisque
707 2928 739 2995 in
764 2936 963 3000 contrarium
994 2933 1147 2997 facienti-

313 3016 396 3092 bus,
421 3038 484 3083 noo
507 3019 711 3098 obstantibus
727 3021 1011 3107 quibuscumque.
1039 3022 1150 3087 Volu-

310 3123 387 3167 mus
413 3119 523 3168 autem
538 3109 627 3189 quod
654 3106 785 3174 litteras
800 3112 1006 3195 Apostolicas
1028 3108 1148 3198 provi·

308 3191 408 3255 sionis
433 3193 524 3254 diclae
538 3193 686 3258 Eccleue
711 3198 797 3263 intra
817 3198 872 3265 sex
898 3195 1147 3281 mensesoexpe·

305 3277 378 3342 dire
392 3280 548 3346 tenearis:
572 3282 720 3365 alioquin
738 3285 831 3373 lapso
848 3287 1030 3351 termino&
1048 3286 1147 3349 litte-

306 3364 353 3429 ris
379 3386 442 3434 non
471 3370 659 3453 expeditis,
686 3373 828 3439 Ecclesia
848 3372 915 3461 ipsa
930 3391 1043 3439 vacare
1067 3395 1145 3438 cen·

306 3451 412 3520 seatur
437 3477 477 3518 eo
499 3458 589 3543 ipso·
615 3462 741 3525 Datum
755 3463 927 3528 Florentia
948 3461 1006 3525 sub
1019 3458 1143 3524 annulo

305 3538 483 3607 Piscatorie
510 3548 565 3611 die
590 3553 889 3632 3osao0MDxV1·
922 3550 1141 3618 Ponuficatm

305 3628 639 3705 uostriamoeerrio.

776 3726 1050 3802 Jeesadoletm.

893 3811 1140 3881 ›cumauro-
