2542 4350
509 501 551 584 V
582 522 597 582 1
630 525 661 582 r
692 508 751 582 nt
970 529 1050 590 xav

209 615 368 728 minum
400 615 604 727 egentium
637 643 849 702 numerum
884 617 1047 707 alebat.

211 736 378 823 Patebat
407 733 490 844 ejus
521 733 661 821 domus
696 740 850 850 semper
878 739 1050 833 honestis

215 856 303 940 ilius
334 851 571 969 praefellurae
601 884 647 941 ac
675 857 895 941 vicinitatis
922 858 1053 942 homi·

216 974 361 1061 nibus·
395 981 444 1058 ln
474 974 569 1058 alios
588 1000 776 1089 praterea
803 975 982 1071 honestos
1008 1004 1055 1062 ac
1143 1025 1151 1050 x

216 1094 301 1208 pios
333 1092 512 1206 sumptus
524 1157 545 1202 .‚
579 1091 787 1210 vedligalia
819 1094 884 1177 lua
918 1096 968 1179 stc
995 1095 1057 1201 ss·

216 1212 332 1297 lebat·
356 1213 584 1327 impendere
616 1277 630 1323 ,
662 1239 707 1298 ut
741 1236 921 1298 vertente
952 1243 1059 1299 anno

219 1360 292 1447 par
324 1332 425 1417 tatio
464 1332 555 1419 esset
596 1334 751 1447 accepti
787 1337 826 1418 δι
859 1333 1057 1445 impensi:
1154 1444 1157 1450 .

221 1479 351 1560 neque
382 1451 491 1535 enim
524 1453 738 1565 quicquam
761 1475 968 1566 tantopere
993 1451 1060 1534 de·

220 1569 354 1655 tellari
385 1571 520 1654 solitus
549 1596 633 1657 etat
661 1636 674 1678 ‚
707 1600 831 1681 quam
865 1571 905 1653 in
937 1569 1058 1652 lacer·
1133 1568 1136 1571 ’

221 1690 380 1773 dotibus
413 1687 582 1772 studium
612 1689 794 1800 cogenda
836 1691 1061 1773 &coacer-

223 1805 364 1892 vanda
405 1807 614 1920 pecuniae.
660 1813 788 1892 Erant
826 1804 866 1886 ei
896 1808 1062 1889 omnino

227 1925 385 2010 modica
419 1926 481 2009 vel
513 1924 654 2036 exigua
674 1923 805 2037 potius
833 1920 1062 2036 vedigaliai
1155 1981 1157 1986 ,

226 2045 292 2132 sed
324 2045 621 2157 frugalitate&
652 2041 916 2156 temperantia
937 2043 976 2127 in
1008 2042 1068 2126 vi·

230 2162 297 2249 &u
338 2165 527 2273 cultuque
558 2161 811 2269 domestico,
843 2161 1066 2273 allequeba·

228 2308 329 2393 tur,
362 2307 405 2369 ut
433 2281 515 2395 ejus
534 2277 553 2317 '‘
571 2284 799 2374 liberalitati
817 2280 1038 2374 sufficerent
1057 2340 1069 2365 .
1184 2372 1188 2376 ,

976 2406 1072 2486 Hoc

234 2574 295 2625 data
315 2575 407 2623 Rome
425 2584 470 2621 rr.
497 2569 570 2618 Non.
591 2570 750 2623 Novembris
774 2582 860 2634 1536.
885 2592 950 2629 mox
969 2569 1079 2633 subiun-

235 2652 297 2721 git:
319 2680 341 2715 ‚,
365 2650 434 2699 Sive
448 2646 492 2696 ille
509 2647 560 2696 snit
601 2650 743 2699 notandam
768 2667 841 2704 error
865 2682 876 2715 ,
896 2652 946 2703 five
968 2651 1079 2717 religio·

235 2761 259 2799 „
281 2728 333 2791 nir,
346 2741 374 2778 ιιι
388 2726 490 2776 videtur
508 2664 599 2774 defenl

238 2839 262 2875 „
281 2804 350 2867 erit,
372 2817 399 2854 ut
421 2801 630 2874 malevolentiam
657 2803 842 2860 suillecredtm
865 2843 886 2875 ‚,
909 2846 916 2860 .
939 2810 980 2860 lta
1001 2808 1076 2860 enirn

240 2886 283 2937 vir
303 2878 440 2934 leoiffrmns
459 2891 515 2932 erat
535 2891 656 2933 tortura
669 2898 856 2949 comparatur,
877 2897 906 2937 nt
925 2887 955 2935 de
968 2886 1029 2937 aliie
1048 2883 1077 2936 id

222 3009 225 3015 .
241 2960 352 3014 minime
369 2954 522 3019 iudicaret,
543 2958 610 3025 quod
626 2956 653 3007 in
665 2959 689 3008 se
705 2962 759 3027 ipso
772 2978 824 3011 non
839 2964 989 3029 agnosceret
1005 2998 1013 3015 .

281 3034 297 3065 ⁴¹
337 3035 510 3105 Liberalitati
510 3032 674 3101 sufficerem.
689 3046 701 3108 ]
724 3038 793 3089 Hine
805 3041 836 3089 ad
858 3044 938 3091 Cerd.
952 3042 1077 3107 Qnigno-

245 3116 319 3169 nium
342 3112 425 3181 pridie
445 3116 536 3162 Nonas
546 3110 656 3164 Oilobr.
675 3131 758 3177 ¹539·
778 3117 816 3168 ira
835 3117 922 3170 scribit
943 3118 1078 3171 linuit.

245 3197 298 3261 Ep.
317 3210 363 3245 ιι.
386 3222 408 3256 „
430 3187 571 3258 velligelia
590 3191 707 3241 rectene
730 3210 817 3257 meo,
838 3213 893 3265 qua
919 3199 1002 3264 perse
1025 3212 1084 3248 rna·

246 3305 271 3341 „
292 3288 342 3339 gne
359 3286 413 3321 oon
441 3268 519 3331 sunt,
540 3268 636 3320 dabunt
662 3284 750 3321 tamen
776 3271 817 3323 hie
837 3272 903 3325 mibi
933 3274 1029 3343 aliquid
1052 3271 1087 3323 ed

243 3384 271 3419 „
292 3351 354 3400 aliis
373 3346 576 3398 subveniendum
597 3347 754 3415 facultatis,
774 3368 854 3418 quae,
875 3351 890 3401 fi
912 3352 939 3401 in
960 3353 1020 3402 urbe
1041 3352 1090 3401 dn·

248 3448 272 3494 3,
292 3428 421 3480 miciliurn
450 3409 572 3475 iuberem
596 3455 606 3489 ,
626 3442 736 3476 nemea
759 3429 863 3496 quidem
887 3428 963 3496 ipsios
984 3431 1094 3485 familia

246 3537 272 3573 3,
294 3501 437 3569 necellitatl
461 3500 605 3552 sufficerent
627 3534 639 3567 ‚
660 3505 801 3568 presertim
829 3523 886 3558 corn
915 3507 1007 3557 alienia
1030 3506 1093 3574 opi.

248 3616 274 3651 „
295 3583 342 3635 bae
358 3582 445 3632 vivere
466 3580 570 3647 prorsue
588 3578 724 3645 indignum
738 3582 855 3638 duram.
877 3581 926 3638 dre.
947 3616 968 3649 „
991 3586 1087 3642 [edent

163 3658 166 3667 '
248 3660 389 3726 confirmat
401 3657 510 3719 Thon:
526 3657 671 3728 canpegio
690 3657 737 3718 lib.
752 3678 800 3721 zv.
813 3660 888 3733 epill,
903 3678 930 3720 2.
951 3661 1087 3715 eumdem·

301 3772 303 3775 >
1037 3751 1087 3806 que

601 2726 671 2774 endae
685 2727 793 2782 studium
810 2745 818 2780 ι
838 2732 977 2783 nonenim
993 2730 1078 2782 addu-
1174 2787 1176 2792 ,
