2542 4350
206 507 251 561 ¹⁴
382 474 581 546 nrtt'otm
601 470 897 544 nonnarum

208 566 321 641 futter
334 589 410 635 tneo
423 565 561 651 quidem
589 562 721 644 iudicio
740 564 889 630 difficile
904 608 916 641 ,
937 565 956 639 J
961 587 997 631 ue
1012 561 1055 632 Οἱ·

206 659 278 729 vile
294 654 329 721 in
340 655 515 741 antiquum
525 652 689 729 nonoris,
713 658 745 722 ἃ
759 654 954 741 diguitatis
968 654 1057 719 locun

211 743 383 816 restituere
401 791 413 813 .
435 744 498 807 Sed
521 739 605 824 quid
627 739 673 805 est
688 740 835 809 obsecro
851 757 929 807 taor
946 742 1060 808 diffini·

216 835 252 902 le
268 834 352 897 inter
369 829 429 907 se,
450 845 586 912 tamque
606 826 841 908 disjunctum,
869 849 975 914 qnam
989 830 1060 897 anti·

214 920 276 1008 qui
302 918 358 983 illi
382 961 396 994 ,
418 913 679 1000 recentioresque
701 915 956 988 Iurisconsulti
985 916 1062 988 illli

218 1005 482 1099 prestantiffinrie
495 1003 636 1091 ingeniis
652 1005 915 1095 prediti,atque
931 1009 1062 1073 omniun

218 1117 323 1187 prope
333 1096 492 1160 bonum
509 1092 632 1159 artium
648 1093 844 1178 cognitione
861 1091 1062 1176 instruilise

221 1185 266 1251 etl
278 1181 461 1258 incivile
475 1178 741 1267 cognoscendum
766 1181 929 1261 dabant,
953 1207 1017 1271 quo
1029 1185 1063 1248 ei·

220 1273 322 1342 eibut
347 1265 417 1334 snit
448 1272 480 1337 ἃ
502 1265 616 1356 patrie
642 1269 875 1355 prodessent,
902 1275 1064 1356 fierentque

228 1360 274 1425 td
298 1358 525 1443 capessendum
545 1357 830 1442 Rempublicaua,
853 1365 889 1429 ἃ
914 1363 959 1425 ad
975 1362 1064 1425 mari.
1102 1426 1105 1437 .

225 1467 300 1517 aar
315 1465 369 1511 rer
383 1444 541 1532 gerendae
551 1444 761 1531 paratiores.
788 1449 839 1510 At
857 1470 946 1514 vero
958 1463 1064 1532 quotue

227 1533 370 1623 quisque
390 1535 437 1602 etl
463 1553 505 1603 er
519 1532 598 1608 uis,
621 1534 680 1620 qni
707 1531 742 1600 se
761 1533 856 1605 luris
879 1537 1005 1604 Civilis
1026 1536 1064 1600 in·

232 1637 399 1715 terpreter
419 1621 480 1689 elle
505 1623 723 1706 profitentur,
746 1621 892 1706 quinon
915 1632 948 1695 ἃ
973 1623 1065 1688 latine

230 1713 382 1800 lingue,
403 1713 434 1778 ἃ
457 1708 672 1799 philosophie
685 1710 817 1797 penitus
835 1714 937 1781 rudis
948 1757 959 1788 ‚
983 1730 1066 1796 atqne

230 1801 369 1888 ignarus
392 1797 466 1869 liti
491 1800 576 1865 curn
603 1813 713 1863 temen
734 1803 766 1866 ἃ
789 1797 959 1866 sermouir
984 1798 1067 1864 latini

230 1886 412 2043 :nn
434 1883 1070 2046 ⁸¹,tll‘nltftlnnz‘lz‘lnlt
1102 1996 1105 2001 »

233 2065 315 2131 duur
339 2067 379 2128 lit
403 1996 547 2131 mizina
562 2016 755 2129 u’ecetlarir·
781 2064 897 2149 Atque
923 2001 960 2133 si
975 2077 1073 2126 umet
1106 2042 1114 2068 ’

98 2185 108 2196 ·
235 2149 384 2239 legulei,
405 2148 664 2239 &preclari,ut
685 2150 743 2218 fibi
757 2149 895 2236 quidem
917 2153 1075 2229 ridentur,

233 2241 327 2317 lnrir
359 2240 555 2325 interpreter
579 2236 683 2319 usque
712 2240 796 2304 adeo
820 2240 881 2303 sabi
913 2240 1076 2325 placent,

236 2341 435 2407 tantumque
454 2323 514 2387 fibi
525 2338 707 2409 arrogant,
732 2336 772 2388 ut
793 2327 945 2393 audeant
974 2328 1008 2394 se
1032 2326 1078 2393 sn·

237 2414 418 2507 perbiffinrn
438 2411 571 2479 nomine
593 2413 759 2479 Donares
782 2411 989 2503 appellare,
1013 2436 1078 2479 cum

240 2503 326 2574 nihil
351 2500 399 2568 eia
423 2497 494 2565 fieti
515 2500 607 2590 poffit
621 2499 810 2575 indoctius,
834 2500 921 2570 nihil
947 2503 1079 2589 imperi.

244 2596 341 2667 tine,
362 2587 422 2678 qui
446 2609 511 2658 uon
535 2589 639 2656 morlo
659 2587 806 2675 reliquas
832 2590 940 2657 bonae
968 2606 1081 2668 artes,

246 2703 331 2769 quar
355 2677 527 2749 sedicunt
554 2692 760 2745 contemnere
784 2721 798 2758 ‚
820 2677 954 2763 penitus
986 2679 1083 2763 igno·

251 2786 351 2843 rant,
374 2765 431 2838 sed
450 2762 582 2854 &leger
607 2764 693 2855 ipsas
704 2788 800 2841 ,eum
816 2785 926 2833 earum
954 2766 1084 2833 sensum

252 2856 376 2944 assequi
401 2854 499 2923 nullo
524 2853 628 2918 modo
650 2856 784 2941 posint,
807 2866 1006 2941 pervertunt
1039 2870 1089 2920 at·

253 2968 319 3030 que
335 2952 572 3030 corrumpunt,
595 2960 702 3026 neque
722 2940 827 3008 ulliur
851 2939 994 3009 scientie
1019 2962 1090 3009 ma.

255 3033 307 3119 gir
327 3047 477 3119 experter
507 3026 604 3103 sunt,
630 3050 728 3114 quam
750 3034 821 3107 eiua
849 3028 951 3115 ipfiue
964 3074 976 3107 ,
990 3051 1091 3116 quant

256 3133 432 3206 tantopere
452 3111 683 3184 exosculantur
706 3162 717 3193 ,
740 3136 841 3201 quam
865 3116 940 3182 aliie
970 3123 1002 3188 ἃ
1025 3122 1090 3186 tiu.

257 3208 355 3281 diir,
379 3203 544 3272 &artibus
564 3202 660 3289 longe
682 3207 836 3271 omnibus
863 3220 1093 3292 anteponunt.

258 3298 412 3390 Qorum
436 3293 493 3358 etti
508 3310 607 3376 prope
628 3290 879 3359 innumerabilia
901 3307 1019 3362 extant
1031 3320 1093 3364 vu·

260 3382 388 3453 lumina
408 3399 471 3447 non
485 3380 525 3444 ad
541 3377 801 3464 interpretandae
816 3426 828 3456 ‚
853 3381 906 3446 sed
921 3383 963 3445 ad
976 3383 1098 3473 depra-

263 3471 388 3544 vandac
410 3467 497 3554 leger
521 3465 641 3553 scripta
673 3472 905 3535 &coacervata
917 3488 931 3544 ς
953 3473 1101 3557 quisrst5

267 3560 326 3650 qni
350 3560 454 3623 bonae
475 3570 563 3624 anter
587 3556 641 3622 vel
664 3556 861 3642 prirnoribus
880 3555 899 3631 ,”
914 3571 953 3622 ut
979 3565 1099 3639 aiunt,

265 3648 368 3731 labris
394 3646 572 3732 degustarit
601 3643 696 3731 ‚qui
726 3664 763 3712 ea
786 3649 878 3733 pollit
903 3646 1098 3734 attingere?

1016 3738 1093 3804 Non
