<?xml version="1.0" encoding="UTF-8"?>
<!DOCTYPE html PUBLIC "-//W3C//DTD XHTML 1.0 Transitional//EN"
    "http://www.w3.org/TR/xhtml1/DTD/xhtml1-transitional.dtd">
<html xmlns="http://www.w3.org/1999/xhtml" xml:lang="en" lang="en">
 <head>
  <title>
</title>
<meta http-equiv="Content-Type" content="text/html;charset=utf-8" />
  <meta name='ocr-system' content='tesseract 3.04.00' />
  <meta name='ocr-capabilities' content='ocr_page ocr_carea ocr_par ocr_line ocrx_word'/>
</head>
<body>
  <div class='ocr_page' id='page_1' title='image "./jacobisadoletie00florgoog_0474.png"; bbox 0 0 2542 4350; ppageno 0'>
   <div class='ocr_carea' id='block_1_1' title="bbox 209 434 1113 972">
    <p class='ocr_par' dir='ltr' id='par_1_1' title="bbox 209 434 1113 972">
     <span class='ocr_line' id='line_1_1' title="bbox 1097 434 1113 465; baseline 0 0"><span class='ocrx_word' id='word_1_1' title='bbox 1097 434 1113 465; x_wconf 59' lang='grc' dir='ltr'>ἱ</span> 
     </span>
     <span class='ocr_line' id='line_1_2' title="bbox 346 463 1056 554; baseline 0.004 -24"><span class='ocrx_word' id='word_1_2' title='bbox 346 467 349 472; x_wconf 85' lang='grc'><strong>’</strong></span> <span class='ocrx_word' id='word_1_3' title='bbox 431 467 459 531; x_wconf 81' lang='grc' dir='ltr'>Ε</span> <span class='ocrx_word' id='word_1_4' title='bbox 483 463 506 528; x_wconf 88' lang='grc' dir='ltr'>Ρ</span> <span class='ocrx_word' id='word_1_5' title='bbox 532 467 546 533; x_wconf 93' lang='lat'>1</span> <span class='ocrx_word' id='word_1_6' title='bbox 571 468 590 529; x_wconf 86' lang='lat' dir='ltr'>S</span> <span class='ocrx_word' id='word_1_7' title='bbox 616 467 646 533; x_wconf 89' lang='grc' dir='ltr'><strong>Τ</strong></span> <span class='ocrx_word' id='word_1_8' title='bbox 671 467 703 533; x_wconf 95' lang='lat' dir='ltr'>O</span> <span class='ocrx_word' id='word_1_9' title='bbox 726 470 751 534; x_wconf 84' lang='lat' dir='ltr'>L</span> <span class='ocrx_word' id='word_1_10' title='bbox 780 469 835 531; x_wconf 71' lang='grc' dir='ltr'>Ε.</span> <span class='ocrx_word' id='word_1_11' title='bbox 1016 493 1056 554; x_wconf 78' lang='lat'>37</span> 
     </span>
     <span class='ocr_line' id='line_1_3' title="bbox 211 549 1058 645; baseline 0.007 -27"><span class='ocrx_word' id='word_1_12' title='bbox 211 549 300 642; x_wconf 75' lang='lat' dir='ltr'>sepe</span> <span class='ocrx_word' id='word_1_13' title='bbox 325 550 462 641; x_wconf 83' lang='lat' dir='ltr'>scripli,</span> <span class='ocrx_word' id='word_1_14' title='bbox 487 556 550 618; x_wconf 91' lang='lat' dir='ltr'>hoc</span> <span class='ocrx_word' id='word_1_15' title='bbox 567 556 611 620; x_wconf 87' lang='lat' dir='ltr'>est</span> <span class='ocrx_word' id='word_1_16' title='bbox 636 555 762 621; x_wconf 84' lang='lat' dir='ltr'>summa</span> <span class='ocrx_word' id='word_1_17' title='bbox 783 577 845 645; x_wconf 87' lang='lat' dir='ltr'>ope</span> <span class='ocrx_word' id='word_1_18' title='bbox 860 559 944 622; x_wconf 87' lang='lat' dir='ltr'>hunc</span> <span class='ocrx_word' id='word_1_19' title='bbox 968 559 1058 632; x_wconf 88' lang='lat' dir='ltr'>niti,</span> 
     </span>
     <span class='ocr_line' id='line_1_4' title="bbox 214 642 1060 732; baseline 0.006 -27"><span class='ocrx_word' id='word_1_20' title='bbox 214 657 255 705; x_wconf 84' lang='lat' dir='ltr'>ut</span> <span class='ocrx_word' id='word_1_21' title='bbox 281 642 433 708; x_wconf 74' lang='lat' dir='ltr'>avunculi</span> <span class='ocrx_word' id='word_1_22' title='bbox 460 644 662 728; x_wconf 84' lang='lat' dir='ltr'>cognatione</span> <span class='ocrx_word' id='word_1_23' title='bbox 684 650 714 711; x_wconf 82' lang='lat' dir='ltr'>de</span> <span class='ocrx_word' id='word_1_24' title='bbox 735 647 840 731; x_wconf 85' lang='lat' dir='ltr'>gratia</span> <span class='ocrx_word' id='word_1_25' title='bbox 855 649 974 732; x_wconf 74' lang='lat' dir='ltr'>dignus</span> <span class='ocrx_word' id='word_1_26' title='bbox 999 652 1060 711; x_wconf 85' lang='lat' dir='ltr'>lra-</span> 
     </span>
     <span class='ocr_line' id='line_1_5' title="bbox 214 729 1057 821; baseline 0.005 -28"><span class='ocrx_word' id='word_1_27' title='bbox 214 733 353 797; x_wconf 84' lang='lat' dir='ltr'>beatur·.</span> <span class='ocrx_word' id='word_1_28' title='bbox 379 729 460 800; x_wconf 81' lang='lat' dir='ltr'>Vale</span> <span class='ocrx_word' id='word_1_29' title='bbox 476 776 487 807; x_wconf 89' lang='lat'>‚</span> <span class='ocrx_word' id='word_1_30' title='bbox 511 734 725 799; x_wconf 77' lang='lat' dir='ltr'>&amp;cardinali</span> <span class='ocrx_word' id='word_1_31' title='bbox 741 735 850 798; x_wconf 84' lang='lat' dir='ltr'>nostro</span> <span class='ocrx_word' id='word_1_32' title='bbox 864 736 1057 821; x_wconf 83' lang='lat' dir='ltr'>ampliffrnro</span> 
     </span>
     <span class='ocr_line' id='line_1_6' title="bbox 209 816 1060 969; baseline 0.007 -89"><span class='ocrx_word' id='word_1_33' title='bbox 209 816 357 969; x_wconf 47' lang='lat' dir='ltr'>{inultam</span> <span class='ocrx_word' id='word_1_34' title='bbox 385 834 452 896; x_wconf 86' lang='lat' dir='ltr'>,te</span> <span class='ocrx_word' id='word_1_35' title='bbox 478 818 613 887; x_wconf 88' lang='lat' dir='ltr'>obsecro</span> <span class='ocrx_word' id='word_1_36' title='bbox 641 865 654 897; x_wconf 85' lang='lat'>‚</span> <span class='ocrx_word' id='word_1_37' title='bbox 680 821 762 886; x_wconf 80' lang='lat' dir='ltr'>meir</span> <span class='ocrx_word' id='word_1_38' title='bbox 787 824 894 889; x_wconf 80' lang='lat' dir='ltr'>verbio</span> <span class='ocrx_word' id='word_1_39' title='bbox 925 825 978 889; x_wconf 83' lang='lat' dir='ltr'>dic</span> <span class='ocrx_word' id='word_1_40' title='bbox 1006 822 1060 888; x_wconf 85' lang='lat' dir='ltr'>sa·</span> 
     </span>
     <span class='ocr_line' id='line_1_7' title="bbox 230 920 349 972; baseline 0.025 -3"><span class='ocrx_word' id='word_1_41' title='bbox 230 920 319 971; x_wconf 61' lang='lat' dir='ltr'><strong>utem</strong></span> <span class='ocrx_word' id='word_1_42' title='bbox 337 949 349 972; x_wconf 81' lang='grc' dir='ltr'><strong>ο</strong></span> 
     </span>
    </p>
   </div>
   <div class='ocr_carea' id='block_1_2' title="bbox 374 1085 902 1156">
    <p class='ocr_par' dir='ltr' id='par_1_2' title="bbox 374 1085 902 1156">
     <span class='ocr_line' id='line_1_8' title="bbox 374 1085 902 1156; baseline 0.008 -6"><span class='ocrx_word' id='word_1_43' title='bbox 374 1085 761 1152; x_wconf 84' lang='lat' dir='ltr'><strong>EPISTOLA</strong></span> <span class='ocrx_word' id='word_1_44' title='bbox 807 1088 902 1156; x_wconf 88' lang='lat' dir='ltr'>v111.</span> 
     </span>
    </p>
   </div>
   <div class='ocr_carea' id='block_1_3' title="bbox 212 1263 1000 1334">
    <p class='ocr_par' dir='ltr' id='par_1_3' title="bbox 212 1263 1000 1334">
     <span class='ocr_line' id='line_1_9' title="bbox 212 1263 1000 1334; baseline 0 -7"><span class='ocrx_word' id='word_1_45' title='bbox 212 1302 217 1310; x_wconf 87' lang='lat'><strong>·</strong></span> <span class='ocrx_word' id='word_1_46' title='bbox 278 1263 1000 1334; x_wconf 61' lang='lat' dir='ltr'>mnnmmmnfflmnmo&amp;</span> 
     </span>
    </p>
   </div>
   <div class='ocr_carea' id='block_1_4' title="bbox 213 1441 1058 1706">
    <p class='ocr_par' dir='ltr' id='par_1_4' title="bbox 213 1441 1058 1706">
     <span class='ocr_line' id='line_1_10' title="bbox 213 1441 1058 1528; baseline -0.006 -20"><span class='ocrx_word' id='word_1_47' title='bbox 213 1441 388 1508; x_wconf 57' lang='lat' dir='ltr'>fraciam</span> <span class='ocrx_word' id='word_1_48' title='bbox 407 1443 469 1523; x_wconf 81' lang='lat' dir='ltr'>rjur</span> <span class='ocrx_word' id='word_1_49' title='bbox 490 1445 526 1505; x_wconf 87' lang='lat' dir='ltr'>de</span> <span class='ocrx_word' id='word_1_50' title='bbox 541 1442 626 1506; x_wconf 75' lang='lat' dir='ltr'>edito</span> <span class='ocrx_word' id='word_1_51' title='bbox 644 1441 699 1506; x_wconf 77' lang='lat' dir='ltr'>abr</span> <span class='ocrx_word' id='word_1_52' title='bbox 708 1443 746 1528; x_wconf 87' lang='lat' dir='ltr'>se</span> <span class='ocrx_word' id='word_1_53' title='bbox 768 1442 855 1507; x_wconf 77' lang='lat' dir='ltr'>libro</span> <span class='ocrx_word' id='word_1_54' title='bbox 867 1444 987 1528; x_wconf 66' lang='lat' dir='ltr'>iudicio</span> <span class='ocrx_word' id='word_1_55' title='bbox 1003 1459 1058 1503; x_wconf 84' lang='lat' dir='ltr'>rr·</span> 
     </span>
     <span class='ocr_line' id='line_1_11' title="bbox 254 1529 1057 1616; baseline 0.001 -24"><span class='ocrx_word' id='word_1_56' title='bbox 254 1530 388 1615; x_wconf 80' lang='lat' dir='ltr'>spondet</span> <span class='ocrx_word' id='word_1_57' title='bbox 406 1571 417 1601; x_wconf 90' lang='lat'>,</span> <span class='ocrx_word' id='word_1_58' title='bbox 433 1534 530 1614; x_wconf 79' lang='lat' dir='ltr'>deque</span> <span class='ocrx_word' id='word_1_59' title='bbox 540 1529 689 1616; x_wconf 80' lang='lat' dir='ltr'>propensa</span> <span class='ocrx_word' id='word_1_60' title='bbox 704 1536 738 1595; x_wconf 83' lang='lat' dir='ltr'>in</span> <span class='ocrx_word' id='word_1_61' title='bbox 753 1549 786 1596; x_wconf 81' lang='lat' dir='ltr'>eo</span> <span class='ocrx_word' id='word_1_62' title='bbox 802 1535 941 1595; x_wconf 79' lang='lat' dir='ltr'>ornando</span> <span class='ocrx_word' id='word_1_63' title='bbox 957 1532 1057 1596; x_wconf 82' lang='lat' dir='ltr'>Sodo-</span> 
     </span>
     <span class='ocr_line' id='line_1_12' title="bbox 266 1620 956 1706; baseline -0.001 -24"><span class='ocrx_word' id='word_1_64' title='bbox 266 1620 329 1682; x_wconf 76' lang='lat' dir='ltr'>lm·</span> <span class='ocrx_word' id='word_1_65' title='bbox 353 1621 532 1684; x_wconf 77' lang='lat' dir='ltr'>cardinalis</span> <span class='ocrx_word' id='word_1_66' title='bbox 548 1621 717 1683; x_wconf 81' lang='lat' dir='ltr'>voluntate</span> <span class='ocrx_word' id='word_1_67' title='bbox 735 1621 844 1686; x_wconf 66' lang='lat' dir='ltr'>»rolris</span> <span class='ocrx_word' id='word_1_68' title='bbox 860 1622 956 1706; x_wconf 78' lang='lat' dir='ltr'>ogit.</span> 
     </span>
    </p>
   </div>
   <div class='ocr_carea' id='block_1_5' title="bbox 214 1792 1057 2321">
    <p class='ocr_par' dir='ltr' id='par_1_5' title="bbox 214 1792 1057 2321">
     <span class='ocr_line' id='line_1_13' title="bbox 295 1792 1054 1860; baseline 0.005 -4"><span class='ocrx_word' id='word_1_69' title='bbox 295 1792 416 1857; x_wconf 84' lang='lat' dir='ltr'>Robrri</span> <span class='ocrx_word' id='word_1_70' title='bbox 441 1792 504 1857; x_wconf 88' lang='lat' dir='ltr'>tibi</span> <span class='ocrx_word' id='word_1_71' title='bbox 528 1793 653 1858; x_wconf 87' lang='lat' dir='ltr'>editum</span> <span class='ocrx_word' id='word_1_72' title='bbox 675 1813 694 1857; x_wconf 90' lang='lat' dir='ltr'>a</span> <span class='ocrx_word' id='word_1_73' title='bbox 717 1813 768 1859; x_wconf 87' lang='lat' dir='ltr'>nte</span> <span class='ocrx_word' id='word_1_74' title='bbox 793 1795 834 1859; x_wconf 86' lang='lat' dir='ltr'>de</span> <span class='ocrx_word' id='word_1_75' title='bbox 858 1792 1054 1860; x_wconf 66' lang='lat' dir='ltr'>auctoritate</span> 
     </span>
     <span class='ocr_line' id='line_1_14' title="bbox 304 1879 1056 1967; baseline 0 -23"><span class='ocrx_word' id='word_1_76' title='bbox 304 1881 452 1945; x_wconf 78' lang='lat' dir='ltr'>Ecclesre</span> <span class='ocrx_word' id='word_1_77' title='bbox 466 1882 607 1954; x_wconf 88' lang='lat' dir='ltr'>librnnr,</span> <span class='ocrx_word' id='word_1_78' title='bbox 621 1880 761 1947; x_wconf 80' lang='lat' dir='ltr'>libenter</span> <span class='ocrx_word' id='word_1_79' title='bbox 778 1883 917 1967; x_wconf 73' lang='lat' dir='ltr'>cognovi</span> <span class='ocrx_word' id='word_1_80' title='bbox 931 1905 970 1947; x_wconf 81' lang='lat' dir='ltr'>ex</span> <span class='ocrx_word' id='word_1_81' title='bbox 985 1879 1056 1944; x_wconf 77' lang='lat' dir='ltr'>tuin</span> 
     </span>
     <span class='ocr_line' id='line_1_15' title="bbox 214 1967 1057 2035; baseline 0.001 -4"><span class='ocrx_word' id='word_1_82' title='bbox 214 1967 349 2034; x_wconf 75' lang='lat' dir='ltr'>literis.</span> <span class='ocrx_word' id='word_1_83' title='bbox 376 1970 446 2033; x_wconf 82' lang='lat' dir='ltr'>Etsr</span> <span class='ocrx_word' id='word_1_84' title='bbox 470 1968 556 2035; x_wconf 86' lang='lat' dir='ltr'>enim</span> <span class='ocrx_word' id='word_1_85' title='bbox 589 1969 706 2034; x_wconf 78' lang='lat' dir='ltr'>laudas</span> <span class='ocrx_word' id='word_1_86' title='bbox 730 1991 804 2033; x_wconf 86' lang='lat' dir='ltr'>eum</span> <span class='ocrx_word' id='word_1_87' title='bbox 843 1972 950 2034; x_wconf 86' lang='lat' dir='ltr'>multo</span> <span class='ocrx_word' id='word_1_88' title='bbox 974 1971 1057 2032; x_wconf 87' lang='lat' dir='ltr'>ube·</span> 
     </span>
     <span class='ocr_line' id='line_1_16' title="bbox 217 2055 1056 2142; baseline -0.006 -19"><span class='ocrx_word' id='word_1_89' title='bbox 217 2056 287 2124; x_wconf 81' lang='lat' dir='ltr'>rius</span> <span class='ocrx_word' id='word_1_90' title='bbox 300 2099 313 2132; x_wconf 88' lang='lat'>‚</span> <span class='ocrx_word' id='word_1_91' title='bbox 335 2075 434 2139; x_wconf 85' lang='lat' dir='ltr'>quam</span> <span class='ocrx_word' id='word_1_92' title='bbox 464 2057 648 2123; x_wconf 83' lang='lat' dir='ltr'>landandus</span> <span class='ocrx_word' id='word_1_93' title='bbox 673 2076 750 2122; x_wconf 89' lang='lat' dir='ltr'>meo</span> <span class='ocrx_word' id='word_1_94' title='bbox 771 2059 905 2142; x_wconf 82' lang='lat' dir='ltr'>quidem</span> <span class='ocrx_word' id='word_1_95' title='bbox 928 2055 1056 2136; x_wconf 80' lang='lat' dir='ltr'>judicio</span> 
     </span>
     <span class='ocr_line' id='line_1_17' title="bbox 217 2142 1054 2225; baseline -0.007 -14"><span class='ocrx_word' id='word_1_96' title='bbox 217 2142 277 2211; x_wconf 82' lang='lat' dir='ltr'>elle</span> <span class='ocrx_word' id='word_1_97' title='bbox 296 2145 453 2220; x_wconf 84' lang='lat' dir='ltr'>videtur,</span> <span class='ocrx_word' id='word_1_98' title='bbox 477 2160 585 2212; x_wconf 87' lang='lat' dir='ltr'>tamen</span> <span class='ocrx_word' id='word_1_99' title='bbox 612 2146 752 2225; x_wconf 80' lang='lat' dir='ltr'>jucunda</span> <span class='ocrx_word' id='word_1_100' title='bbox 783 2146 916 2212; x_wconf 81' lang='lat' dir='ltr'>mihi&amp;</span> <span class='ocrx_word' id='word_1_101' title='bbox 944 2142 1054 2212; x_wconf 72' lang='lat' dir='ltr'>suanir</span> 
     </span>
     <span class='ocr_line' id='line_1_18' title="bbox 218 2233 1057 2321; baseline -0.011 -21"><span class='ocrx_word' id='word_1_102' title='bbox 218 2235 417 2321; x_wconf 81' lang='lat' dir='ltr'>approbatio</span> <span class='ocrx_word' id='word_1_103' title='bbox 441 2238 507 2299; x_wconf 81' lang='lat' dir='ltr'>haec</span> <span class='ocrx_word' id='word_1_104' title='bbox 525 2234 648 2299; x_wconf 85' lang='lat' dir='ltr'>accidit</span> <span class='ocrx_word' id='word_1_105' title='bbox 663 2250 719 2299; x_wconf 91' lang='lat' dir='ltr'>tua</span> <span class='ocrx_word' id='word_1_106' title='bbox 729 2279 741 2309; x_wconf 90' lang='lat'>,</span> <span class='ocrx_word' id='word_1_107' title='bbox 764 2237 885 2321; x_wconf 86' lang='lat' dir='ltr'>quippe</span> <span class='ocrx_word' id='word_1_108' title='bbox 905 2255 975 2317; x_wconf 75' lang='lat' dir='ltr'>qne</span> <span class='ocrx_word' id='word_1_109' title='bbox 988 2233 1057 2295; x_wconf 80' lang='lat' dir='ltr'>stu.</span> 
     </span>
    </p>
   </div>
   <div class='ocr_carea' id='block_1_6' title="bbox 214 2314 1185 2409">
    <p class='ocr_par' dir='ltr' id='par_1_6' title="bbox 214 2314 1185 2409">
     <span class='ocr_line' id='line_1_19' title="bbox 214 2314 1185 2409; baseline -0.008 -21"><span class='ocrx_word' id='word_1_110' title='bbox 214 2324 266 2388; x_wconf 89' lang='lat' dir='ltr'>dii</span> <span class='ocrx_word' id='word_1_111' title='bbox 290 2321 458 2389; x_wconf 79' lang='lat' dir='ltr'>&amp;amorio</span> <span class='ocrx_word' id='word_1_112' title='bbox 481 2341 555 2409; x_wconf 83' lang='lat' dir='ltr'>erga</span> <span class='ocrx_word' id='word_1_113' title='bbox 571 2345 622 2390; x_wconf 84' lang='lat' dir='ltr'>nte</span> <span class='ocrx_word' id='word_1_114' title='bbox 642 2324 693 2389; x_wconf 87' lang='lat' dir='ltr'>tui</span> <span class='ocrx_word' id='word_1_115' title='bbox 712 2324 873 2401; x_wconf 80' lang='lat' dir='ltr'>iudicium</span> <span class='ocrx_word' id='word_1_116' title='bbox 899 2339 935 2387; x_wconf 89' lang='lat' dir='ltr'>ac</span> <span class='ocrx_word' id='word_1_117' title='bbox 963 2320 1058 2386; x_wconf 83' lang='lat' dir='ltr'>testi·</span> <span class='ocrx_word' id='word_1_118' title='bbox 1174 2314 1185 2329; x_wconf 59' lang='lat'>⁸</span> 
     </span>
    </p>
   </div>
   <div class='ocr_carea' id='block_1_7' title="bbox 215 2411 1069 3793">
    <p class='ocr_par' dir='ltr' id='par_1_7' title="bbox 215 2411 1065 3740">
     <span class='ocr_line' id='line_1_20' title="bbox 215 2411 1058 2497; baseline -0.008 -20"><span class='ocrx_word' id='word_1_119' title='bbox 215 2411 365 2477; x_wconf 84' lang='lat' dir='ltr'>monium</span> <span class='ocrx_word' id='word_1_120' title='bbox 390 2411 459 2476; x_wconf 85' lang='lat' dir='ltr'>est.</span> <span class='ocrx_word' id='word_1_121' title='bbox 483 2413 594 2493; x_wconf 84' lang='lat' dir='ltr'>Atque</span> <span class='ocrx_word' id='word_1_122' title='bbox 608 2433 670 2497; x_wconf 87' lang='lat' dir='ltr'>ego</span> <span class='ocrx_word' id='word_1_123' title='bbox 693 2413 827 2494; x_wconf 86' lang='lat' dir='ltr'>quidem</span> <span class='ocrx_word' id='word_1_124' title='bbox 849 2412 1058 2476; x_wconf 82' lang='lat' dir='ltr'>vehementer</span> 
     </span>
     <span class='ocr_line' id='line_1_21' title="bbox 215 2497 1060 2587; baseline -0.006 -21"><span class='ocrx_word' id='word_1_125' title='bbox 215 2520 370 2587; x_wconf 83' lang='lat' dir='ltr'>euperem</span> <span class='ocrx_word' id='word_1_126' title='bbox 399 2517 477 2564; x_wconf 83' lang='lat' dir='ltr'>vera</span> <span class='ocrx_word' id='word_1_127' title='bbox 506 2498 566 2562; x_wconf 83' lang='lat' dir='ltr'>else</span> <span class='ocrx_word' id='word_1_128' title='bbox 596 2517 666 2581; x_wconf 76' lang='lat' dir='ltr'>qun</span> <span class='ocrx_word' id='word_1_129' title='bbox 690 2497 839 2569; x_wconf 80' lang='lat' dir='ltr'>scribit,</span> <span class='ocrx_word' id='word_1_130' title='bbox 870 2518 971 2580; x_wconf 85' lang='lat' dir='ltr'>eaque</span> <span class='ocrx_word' id='word_1_131' title='bbox 993 2514 1060 2581; x_wconf 87' lang='lat' dir='ltr'>qua</span> 
     </span>
     <span class='ocr_line' id='line_1_22' title="bbox 216 2582 1057 2676; baseline -0.01 -24"><span class='ocrx_word' id='word_1_132' title='bbox 216 2586 369 2676; x_wconf 85' lang='lat' dir='ltr'>oportuit</span> <span class='ocrx_word' id='word_1_133' title='bbox 394 2583 598 2669; x_wconf 76' lang='lat' dir='ltr'>gravitate&amp;</span> <span class='ocrx_word' id='word_1_134' title='bbox 618 2605 727 2653; x_wconf 87' lang='lat' dir='ltr'>rerum</span> <span class='ocrx_word' id='word_1_135' title='bbox 743 2584 836 2669; x_wconf 84' lang='lat' dir='ltr'>copia</span> <span class='ocrx_word' id='word_1_136' title='bbox 852 2582 886 2645; x_wconf 90' lang='lat' dir='ltr'>id</span> <span class='ocrx_word' id='word_1_137' title='bbox 901 2604 919 2645; x_wconf 89' lang='lat' dir='ltr'>a</span> <span class='ocrx_word' id='word_1_138' title='bbox 934 2606 984 2648; x_wconf 81' lang='lat' dir='ltr'>me</span> <span class='ocrx_word' id='word_1_139' title='bbox 1002 2604 1057 2645; x_wconf 90' lang='lat' dir='ltr'>ar·</span> 
     </span>
     <span class='ocr_line' id='line_1_23' title="bbox 217 2664 1058 2761; baseline -0.013 -20"><span class='ocrx_word' id='word_1_140' title='bbox 217 2689 413 2761; x_wconf 83' lang='lat' dir='ltr'>gumentunt</span> <span class='ocrx_word' id='word_1_141' title='bbox 434 2674 609 2736; x_wconf 76' lang='lat' dir='ltr'>tradlttum</span> <span class='ocrx_word' id='word_1_142' title='bbox 636 2664 737 2757; x_wconf 66' lang='lat' dir='ltr'>itque</span> <span class='ocrx_word' id='word_1_143' title='bbox 758 2670 959 2756; x_wconf 80' lang='lat' dir='ltr'>explicatum</span> <span class='ocrx_word' id='word_1_144' title='bbox 973 2668 1058 2733; x_wconf 84' lang='lat' dir='ltr'>fuis.</span> 
     </span>
     <span class='ocr_line' id='line_1_24' title="bbox 216 2755 1060 2848; baseline -0.012 -17"><span class='ocrx_word' id='word_1_145' title='bbox 216 2764 276 2836; x_wconf 82' lang='lat' dir='ltr'>se,</span> <span class='ocrx_word' id='word_1_146' title='bbox 298 2762 399 2848; x_wconf 83' lang='lat' dir='ltr'>idque</span> <span class='ocrx_word' id='word_1_147' title='bbox 422 2780 487 2825; x_wconf 89' lang='lat' dir='ltr'>non</span> <span class='ocrx_word' id='word_1_148' title='bbox 516 2759 627 2825; x_wconf 74' lang='lat' dir='ltr'>laudis</span> <span class='ocrx_word' id='word_1_149' title='bbox 654 2782 733 2826; x_wconf 80' lang='lat' dir='ltr'>mee</span> <span class='ocrx_word' id='word_1_150' title='bbox 759 2758 943 2847; x_wconf 85' lang='lat' dir='ltr'>cupiditate</span> <span class='ocrx_word' id='word_1_151' title='bbox 966 2802 977 2832; x_wconf 89' lang='lat'>‚</span> <span class='ocrx_word' id='word_1_152' title='bbox 1002 2755 1060 2822; x_wconf 73' lang='lat' dir='ltr'>sed</span> 
     </span>
     <span class='ocr_line' id='line_1_25' title="bbox 217 2846 1059 2943; baseline -0.006 -28"><span class='ocrx_word' id='word_1_153' title='bbox 217 2849 356 2943; x_wconf 70' lang='lat' dir='ltr'>publico</span> <span class='ocrx_word' id='word_1_154' title='bbox 384 2847 546 2913; x_wconf 77' lang='lat' dir='ltr'>utilitatis</span> <span class='ocrx_word' id='word_1_155' title='bbox 573 2889 583 2911; x_wconf 83' lang='lat'><strong>·</strong></span> <span class='ocrx_word' id='word_1_156' title='bbox 608 2850 705 2915; x_wconf 82' lang='lat' dir='ltr'>Certe</span> <span class='ocrx_word' id='word_1_157' title='bbox 731 2848 819 2915; x_wconf 87' lang='lat' dir='ltr'>enim</span> <span class='ocrx_word' id='word_1_158' title='bbox 840 2862 877 2912; x_wconf 88' lang='lat' dir='ltr'>tu</span> <span class='ocrx_word' id='word_1_159' title='bbox 904 2846 1059 2912; x_wconf 82' lang='lat' dir='ltr'>reriffirrte</span> 
     </span>
     <span class='ocr_line' id='line_1_26' title="bbox 217 2936 1057 3023; baseline -0.01 -16"><span class='ocrx_word' id='word_1_160' title='bbox 217 2938 347 3023; x_wconf 76' lang='lat' dir='ltr'>indicta</span> <span class='ocrx_word' id='word_1_161' title='bbox 367 2937 410 3002; x_wconf 93' lang='lat' dir='ltr'>ad</span> <span class='ocrx_word' id='word_1_162' title='bbox 431 2936 637 3002; x_wconf 82' lang='lat' dir='ltr'>refutandam</span> <span class='ocrx_word' id='word_1_163' title='bbox 664 2957 800 3011; x_wconf 86' lang='lat' dir='ltr'>eorum,</span> <span class='ocrx_word' id='word_1_164' title='bbox 823 2936 880 3020; x_wconf 85' lang='lat' dir='ltr'>qui</span> <span class='ocrx_word' id='word_1_165' title='bbox 894 2936 946 2999; x_wconf 82' lang='lat' dir='ltr'>hir</span> <span class='ocrx_word' id='word_1_166' title='bbox 970 2948 1057 2999; x_wconf 84' lang='lat' dir='ltr'>tern-</span> 
     </span>
     <span class='ocr_line' id='line_1_27' title="bbox 219 3024 1056 3120; baseline -0.013 -25"><span class='ocrx_word' id='word_1_167' title='bbox 219 3028 358 3120; x_wconf 77' lang='lat' dir='ltr'>poribur</span> <span class='ocrx_word' id='word_1_168' title='bbox 378 3025 506 3114; x_wconf 86' lang='lat' dir='ltr'>prolata</span> <span class='ocrx_word' id='word_1_169' title='bbox 520 3024 595 3091; x_wconf 86' lang='lat' dir='ltr'>sunt</span> <span class='ocrx_word' id='word_1_170' title='bbox 616 3027 809 3111; x_wconf 84' lang='lat' dir='ltr'>dogmatum</span> <span class='ocrx_word' id='word_1_171' title='bbox 827 3024 1056 3111; x_wconf 85' lang='lat' dir='ltr'>impietatem,</span> 
     </span>
     <span class='ocr_line' id='line_1_28' title="bbox 218 3109 1060 3201; baseline -0.012 -16"><span class='ocrx_word' id='word_1_172' title='bbox 218 3116 304 3185; x_wconf 86' lang='lat' dir='ltr'>nihil</span> <span class='ocrx_word' id='word_1_173' title='bbox 329 3114 523 3180; x_wconf 71' lang='lat' dir='ltr'>auctoritare</span> <span class='ocrx_word' id='word_1_174' title='bbox 541 3113 688 3180; x_wconf 68' lang='lat' dir='ltr'>Ecclesia</span> <span class='ocrx_word' id='word_1_175' title='bbox 713 3113 847 3201; x_wconf 75' lang='lat' dir='ltr'>gravius</span> <span class='ocrx_word' id='word_1_176' title='bbox 871 3109 1060 3194; x_wconf 79' lang='lat' dir='ltr'>firmiusque</span> 
     </span>
     <span class='ocr_line' id='line_1_29' title="bbox 219 3202 1061 3289; baseline -0.014 -17"><span class='ocrx_word' id='word_1_177' title='bbox 219 3204 329 3272; x_wconf 81' lang='lat' dir='ltr'>afferri</span> <span class='ocrx_word' id='word_1_178' title='bbox 346 3204 460 3289; x_wconf 82' lang='lat' dir='ltr'>polle.</span> <span class='ocrx_word' id='word_1_179' title='bbox 486 3203 547 3267; x_wconf 85' lang='lat' dir='ltr'>Sed</span> <span class='ocrx_word' id='word_1_180' title='bbox 562 3223 623 3285; x_wconf 85' lang='lat' dir='ltr'>ego</span> <span class='ocrx_word' id='word_1_181' title='bbox 651 3203 684 3267; x_wconf 91' lang='lat' dir='ltr'>in</span> <span class='ocrx_word' id='word_1_182' title='bbox 708 3224 748 3267; x_wconf 85' lang='lat' dir='ltr'>eo</span> <span class='ocrx_word' id='word_1_183' title='bbox 765 3218 864 3288; x_wconf 86' lang='lat' dir='ltr'>opere</span> <span class='ocrx_word' id='word_1_184' title='bbox 877 3202 964 3265; x_wconf 86' lang='lat' dir='ltr'>haud</span> <span class='ocrx_word' id='word_1_185' title='bbox 977 3220 1061 3284; x_wconf 74' lang='lat' dir='ltr'>pre·</span> 
     </span>
     <span class='ocr_line' id='line_1_30' title="bbox 219 3287 1061 3379; baseline -0.012 -20"><span class='ocrx_word' id='word_1_186' title='bbox 219 3298 303 3359; x_wconf 82' lang='lat' dir='ltr'>stare</span> <span class='ocrx_word' id='word_1_187' title='bbox 332 3291 408 3379; x_wconf 74' lang='lat' dir='ltr'>plue</span> <span class='ocrx_word' id='word_1_188' title='bbox 433 3292 558 3378; x_wconf 89' lang='lat' dir='ltr'>potui,</span> <span class='ocrx_word' id='word_1_189' title='bbox 581 3309 681 3374; x_wconf 85' lang='lat' dir='ltr'>qoam</span> <span class='ocrx_word' id='word_1_190' title='bbox 705 3290 898 3376; x_wconf 76' lang='lat' dir='ltr'>quantulum</span> <span class='ocrx_word' id='word_1_191' title='bbox 936 3287 1061 3352; x_wconf 75' lang='lat' dir='ltr'>miliia</span> 
     </span>
     <span class='ocr_line' id='line_1_31' title="bbox 216 3374 1062 3466; baseline -0.018 -14"><span class='ocrx_word' id='word_1_192' title='bbox 216 3387 302 3452; x_wconf 94' lang='lat' dir='ltr'>·Deo</span> <span class='ocrx_word' id='word_1_193' title='bbox 326 3379 499 3447; x_wconf 69' lang='lat' dir='ltr'>facultatis</span> <span class='ocrx_word' id='word_1_194' title='bbox 522 3378 729 3466; x_wconf 84' lang='lat' dir='ltr'>impartitum</span> <span class='ocrx_word' id='word_1_195' title='bbox 753 3396 789 3444; x_wconf 88' lang='lat' dir='ltr'>ac</span> <span class='ocrx_word' id='word_1_196' title='bbox 815 3378 976 3443; x_wconf 81' lang='lat' dir='ltr'>tribnrum</span> <span class='ocrx_word' id='word_1_197' title='bbox 993 3374 1062 3439; x_wconf 83' lang='lat' dir='ltr'>est.</span> 
     </span>
     <span class='ocr_line' id='line_1_32' title="bbox 223 3464 1061 3553; baseline -0.013 -17"><span class='ocrx_word' id='word_1_198' title='bbox 223 3467 380 3536; x_wconf 77' lang='lat' dir='ltr'>Exillent</span> <span class='ocrx_word' id='word_1_199' title='bbox 393 3466 521 3534; x_wconf 79' lang='lat' dir='ltr'>fortasse</span> <span class='ocrx_word' id='word_1_200' title='bbox 536 3512 547 3543; x_wconf 90' lang='lat'>,</span> <span class='ocrx_word' id='word_1_201' title='bbox 559 3468 621 3549; x_wconf 84' lang='lat' dir='ltr'>(id</span> <span class='ocrx_word' id='word_1_202' title='bbox 633 3467 723 3553; x_wconf 91' lang='lat' dir='ltr'>quod</span> <span class='ocrx_word' id='word_1_203' title='bbox 736 3470 943 3531; x_wconf 79' lang='lat' dir='ltr'>vehementer</span> <span class='ocrx_word' id='word_1_204' title='bbox 956 3464 1061 3548; x_wconf 88' lang='lat' dir='ltr'>opto)</span> 
     </span>
     <span class='ocr_line' id='line_1_33' title="bbox 220 3545 1063 3643; baseline -0.011 -20"><span class='ocrx_word' id='word_1_205' title='bbox 220 3558 313 3632; x_wconf 78' lang='lat' dir='ltr'>alii,</span> <span class='ocrx_word' id='word_1_206' title='bbox 337 3557 395 3642; x_wconf 85' lang='lat' dir='ltr'>qui</span> <span class='ocrx_word' id='word_1_207' title='bbox 411 3572 503 3620; x_wconf 85' lang='lat' dir='ltr'>tanta</span> <span class='ocrx_word' id='word_1_208' title='bbox 525 3557 565 3623; x_wconf 86' lang='lat' dir='ltr'>de</span> <span class='ocrx_word' id='word_1_209' title='bbox 582 3577 615 3622; x_wconf 88' lang='lat' dir='ltr'>re</span> <span class='ocrx_word' id='word_1_210' title='bbox 642 3545 777 3643; x_wconf 78' lang='lat' dir='ltr'>gravior</span> <span class='ocrx_word' id='word_1_211' title='bbox 798 3551 984 3619; x_wconf 78' lang='lat' dir='ltr'>scribent&amp;</span> <span class='ocrx_word' id='word_1_212' title='bbox 1004 3573 1063 3615; x_wconf 87' lang='lat' dir='ltr'>or.</span> 
     </span>
     <span class='ocr_line' id='line_1_34' title="bbox 229 3639 1065 3740; baseline -0.019 -23"><span class='ocrx_word' id='word_1_213' title='bbox 229 3643 368 3740; x_wconf 64' lang='lat' dir='ltr'>natiur3</span> <span class='ocrx_word' id='word_1_214' title='bbox 390 3645 492 3740; x_wconf 78' lang='lat' dir='ltr'>Qud</span> <span class='ocrx_word' id='word_1_215' title='bbox 517 3666 595 3735; x_wconf 77' lang='lat' dir='ltr'>vero</span> <span class='ocrx_word' id='word_1_216' title='bbox 612 3645 653 3712; x_wconf 87' lang='lat' dir='ltr'>de</span> <span class='ocrx_word' id='word_1_217' title='bbox 670 3643 783 3734; x_wconf 80' lang='lat' dir='ltr'>prarir</span> <span class='ocrx_word' id='word_1_218' title='bbox 806 3639 1065 3710; x_wconf 84' lang='lat' dir='ltr'>adversariorum</span> 
     </span>
    </p>

    <p class='ocr_par' dir='ltr' id='par_1_8' title="bbox 994 3747 1069 3793">
     <span class='ocr_line' id='line_1_35' title="bbox 994 3747 1069 3793; baseline -0.053 1"><span class='ocrx_word' id='word_1_219' title='bbox 994 3747 1069 3793; x_wconf 75' lang='lat' dir='ltr'>mo·</span> 
     </span>
    </p>
   </div>
   <div class='ocr_carea' id='block_1_8' title="bbox 0 0 1289 4350">
    <p class='ocr_par' dir='ltr' id='par_1_9' title="bbox 0 0 1289 4350">
     <span class='ocr_line' id='line_1_36' title="bbox 0 0 1289 4350; baseline 0 0"><span class='ocrx_word' id='word_1_220' title='bbox 0 0 1289 4350; x_wconf 95' lang='lat' dir='ltr'> </span> 
     </span>
    </p>
   </div>
  </div>
 </body>
</html>
