2542 4350
1069 178 1084 385 i

1077 430 1084 508 r

215 452 255 511 61
359 440 562 520 rncossl
593 445 926 514 snnotnnl

212 529 399 617 ampiissima
411 531 554 615 dignitas
573 533 823 601 Cardinaittns
837 535 872 599 in
890 552 922 601 te
938 536 1043 604 merite

212 617 373 687 ennoean
397 620 577 704 requirit&
604 623 740 712 exigit.
767 628 907 689 Datum
928 627 1042 693 viterb.
1083 702 1084 707 ἵ

217 725 449 867 ”liiidiii’
755 798 969 869 Sadoietne.
1083 817 1084 830 ¹

213 1062 300 1133 nv.
444 1062 553 1132 LEO
584 1065 730 1136 PAPA
766 1069 818 1136 X,

307 1240 406 1308 necte
421 1241 523 1319 Filii,
547 1241 686 1310 salutem
704 1249 736 1314 dr
749 1245 973 1334 apostolicam
991 1244 1035 1309 br.

320 1332 535 1398 uedioiouem
557 1372 566 1393 ·
590 1333 675 1398 Cum
698 1336 804 1400 multi
828 1381 840 1412 ,
863 1341 897 1405 nr
923 1335 1040 1423 quiden

217 1420 457 1509 prestenti'irmi
477 1419 770 1509 rernmscriptorer
789 1469 802 1502 ,
826 1427 889 1510 qni
912 1447 975 1491 non
988 1425 1039 1486 fine

218 1509 394 1599 graviffima
407 1507 516 1573 latino
532 1509 648 1592 iinguae
660 1514 785 1588 jactura
801 1514 1042 1582 delitescebant,

220 1599 329 1665 nostro
344 1612 517 1683 temporee
535 1597 787 1683 profundissimie
803 1604 895 1686 quafi
912 1600 1041 1666 tenebris

222 1688 256 1754 in
272 1688 376 1755 lucem
398 1684 603 1774 prodierint,
626 1707 689 1753 non
705 1690 878 1775 possumne
902 1709 967 1753 non
980 1705 1041 1750 mr·

222 1779 324 1857 iorem
339 1774 370 1840 in
384 1772 515 1841 modum
530 1772 678 1839 studione
694 1777 854 1861 gratulari
867 1820 878 1840 .
899 1779 983 1842 Nam
1000 1776 1044 1840 in-

224 1884 273 1932 ter
291 1879 412 1931 ceterae
428 1879 614 1946 curar,quac
632 1862 664 1928 in
676 1866 735 1928 hac
755 1869 977 1931 humanarum
997 1884 1042 1927 re·

219 1975 296 2019 rum
316 1955 480 2018 curatione
497 1949 656 2016 divinitus
674 1951 769 2018 nobie
796 1953 967 2025 concessa,
991 1950 1042 2016 sn·

222 2044 333 2107 bimus
345 2086 357 2117 ,
381 2061 443 2106 non
456 2038 488 2104 in
501 2037 671 2126 postremis
682 2041 762 2106 hanc
775 2062 911 2126 qnoque
925 2041 1042 2103 haben·

223 2129 300 2195 dnm
313 2128 476 2207 ducimur,
489 2143 526 2192 nt
538 2127 639 2194 latina
652 2125 763 2218 lingua
778 2130 889 2195 nostro
909 2127 1043 2217 pontifi·

220 2235 295 2286 ratu
311 2219 436 2283 dicatur
452 2218 533 2281 facia
545 2217 687 2291 auctior,
707 2221 736 2285 n
752 2219 908 2283 bonarum
921 2217 1044 2283 artium

218 2306 346 2391 cupidis
361 2304 401 2365 ad
419 2308 582 2370 maximos
599 2306 631 2369 in
647 2301 835 2391 disciplinas
850 2305 1044 2395 progreisus,

223 2414 287 2457 non
310 2392 504 2458 mediocrem
518 2408 725 2480 apportarem
739 2393 829 2458 fuiffe
843 2416 958 2481 opem·
984 2393 1043 2459 Id·

218 2482 307 2547 circo
328 2478 411 2546 nulli
437 2484 631 2567 parcendum
646 2483 795 2547 ducimur
810 2480 983 2569 impenso,
1005 2494 1043 2545 ut

218 2586 345 2640 ueteres
360 2568 531 2659 scriptores
548 2573 668 2660 ubique
688 2573 832 2658 gentium
855 2567 1043 2659 diligentis-

222 2664 300 2727 sume
323 2663 548 2747 inquirantur,
571 2665 661 2728 &ad
679 2682 739 2728 noe
757 2662 963 2727 deferantur.
989 2658 1040 2723 Sic

227 2751 312 2819 enim
340 2756 399 2829 fit,
422 2766 458 2814 ut
471 2754 630 2817 neminem
649 2750 696 2818 sui
711 2750 834 2819 laboris
858 2748 1040 2839 poeniteat3

220 2838 318 2906 multi
332 2838 387 2902 sua
404 2836 516 2925 sponte
530 2843 564 2903 id
580 2841 688 2906 oneris
703 2839 929 2928 suscipiant,ut
940 2839 971 2901 in
989 2860 1040 2901 re·

220 2924 405 2991 motissimas
417 2941 588 3011 penetrent
602 2929 747 3014 regiones
759 2931 802 2994 ad
824 2933 1040 3013 antiquorum

220 3029 430 3078 monumenta
452 3011 503 3074 ve}
521 3018 689 3083 hominum
709 3019 852 3097 invidia,
874 3018 926 3083 vei
952 3030 1040 3078 tem·

214 3120 330 3188 porum
346 3097 461 3176 injuria
478 3098 662 3191 suppress'a,
687 3127 703 3170 e
718 3110 855 3173 tenebris
874 3103 1038 3179 ernend23

214 3186 306 3271 gnari
323 3202 459 3249 conatus
479 3186 527 3254 sui
552 3194 677 3277 egregie
694 3196 821 3279 premia
846 3207 1037 3282 reportato-

210 3294 287 3340 ros.
311 3275 356 3336 Ut
369 3292 404 3339 tu
419 3296 517 3363 nuper
529 3278 655 3355 fecisti,
678 3282 794 3349 diiecie
809 3285 877 3358 fiii,
901 3284 957 3369 qui
980 3302 1037 3369 per

212 3375 267 3428 tot
281 3364 450 3441 barbaras,
473 3368 655 3435 Srdiffonar
673 3386 783 3456 genter
800 3374 833 3439 in
847 3373 962 3439 siriam
981 3366 1038 3435 us·

214 3472 301 3537 que,
326 3474 397 3517 cum
425 3458 570 3523 maximo
581 3458 752 3544 dispendio
769 3485 848 3535 ,nec
870 3462 933 3527 fine
957 3459 1033 3523 vite

215 3538 360 3631 periculo
376 3547 545 3627 pervenisti
563 3569 574 3623 3
599 3569 700 3629 neque
711 3547 745 3609 id
761 3548 827 3613 alia
847 3548 887 3613 de
900 3548 1002 3614 caussa
1019 3586 1030 3615 2

217 3648 311 3721 quani
336 3645 374 3705 ut,
387 3650 406 3696 a
428 3635 490 3700 suin
510 3678 524 3718 ,
547 3634 652 3701 immo
671 3633 807 3705 interitu
829 3677 841 3711 ,
870 3629 1027 3703 nonnulla

943 3736 1027 3805 pre·
