2542 4350
1050 171 1062 325 l

1058 330 1065 391 l

1061 396 1071 513 l

212 460 258 529 'td
371 447 935 546 ltconlst1>01.13·1·1¹

214 565 394 620 uremur,
417 545 508 630 quod
523 545 640 610 babere
656 541 689 609 le
703 544 867 612 dicerent
895 524 1073 621 mandatu!

215 640 249 705 ἃ
266 655 423 708 munera,
447 632 625 719 dequibus
648 644 711 697 tuo
724 635 874 702 nomine
888 637 991 703 effeut
1009 655 1055 700 uu·

218 720 347 790 bile-um
371 723 499 789 aduri:
521 723 613 807 qnod
636 741 698 788 nor
724 744 807 788 cum
831 723 912 791 illie
938 725 1056 792 libenter

219 815 427 879 rouceffimur
450 811 698 899 (antecelleret
724 826 846 877 autern
871 835 990 882 rumor
1010 813 1059 890 ,t
1080 872 1085 905 r

218 904 395 966 huminum
410 898 597 989 expeaaoo
613 921 679 964 nou
696 901 920 978 mediocrir,
944 915 1059 990 propter
1082 932 1084 937 ·

218 989 344 1053 lamam
358 995 410 1065 ,ἃ
426 987 637 1057 nobilitatem
649 1007 767 1054 eornm
783 1007 1061 1076 munerumque
1092 988 1094 995 '

216 1077 281 1139 ebe
301 1094 335 1140 re
363 1079 456 1144 milia
477 1078 539 1143 elie
564 1077 788 1152 dicebantur,
815 1099 892 1165 quo
918 1081 1000 1146 eliet
1018 1093 1062 1144 tua

221 1163 417 1233 liberalitas
442 1166 621 1249 testatior)
637 1166 693 1228 die
718 1168 916 1234 constituta
934 1169 1064 1234 advoce-

218 1252 332 1316 rimus
355 1256 452 1320 nobit
464 1255 693 1320 venerandum
709 1257 871 1323 fratrum
890 1257 1066 1323 nostrorum

221 1343 257 1405 8.
266 1344 310 1406 R.
323 1342 366 1410 E.
375 1341 604 1410 cardinalium
627 1355 754 1406 coetum
767 1343 973 1412 uuiversum
985 1369 998 1427 3
1008 1365 1067 1413 ma·

220 1449 387 1518 guemque
415 1446 569 1519 preterea
593 1429 857 1499 multitudinem
881 1440 916 1504 ἃ
946 1436 1067 1522 copiam

220 1536 418 1586 ornatorum
433 1539 470 1584 uc
488 1520 709 1606 prestantium
724 1522 882 1587 uirorum
901 1526 994 1590 tanti
1005 1522 1069 1611 spe·

222 1608 344 1672 meoli
367 1607 544 1676 celebritas
562 1609 745 1676 concitarat
765 1652 777 1674 .
800 1611 932 1696 Itaque
954 1611 1069 1681 eonti-

221 1700 294 1765 tuti
309 1700 341 1763 in
351 1701 526 1766 conuentu
541 1698 639 1787 pleno
655 1697 791 1764 summe
809 1699 1002 1788 diguitatis
1016 1721 1068 1767 et·

224 1788 376 1872 cepimus
405 1789 563 1854 adeuntes
587 1787 727 1874 Legatos
751 1803 861 1867 tuoe,
885 1810 1069 1877 eorumque

224 1882 415 1941 orationem
439 1877 480 1942 de
493 1891 551 1942 tut
570 1895 645 1963 erga
669 1894 730 1940 noa
746 1874 1012 1956 benevolentia,
1033 1880 1070 1943 dt

225 1966 424 2031 muneribus
439 1963 732 2042 millis,deauimo
746 1963 941 2033 infantiam
957 1970 1070 2033 Sedem

223 2053 480 2140 Apostolieam,
503 2074 539 2119 ac
553 2053 585 2118 in
601 2050 668 2118 Dei
680 2052 778 2118 fidem
791 2054 929 2140 egregio
941 2059 974 2122 tt
991 2077 1072 2144 pre·

222 2143 324 2209 ilenti
338 2143 557 2219 iucundiffime
576 2139 786 2228 accepimus,
808 2163 918 2228 neque
940 2145 1072 2212 medio·

223 2235 270 2296 tri
290 2252 363 2296 cum
385 2229 583 2317 voluptate,
608 2250 742 2294 munera
758 2228 828 2316 ipse
851 2230 1070 2318 aspeximus,

222 2321 448 2408 Elepbaurum
464 2340 563 2384 unum
579 2318 729 2385 lodicum
742 2319 933 2387 incredibili
948 2342 1070 2411 corpo.

225 2409 274 2475 ris
293 2409 542 2498 magnitudine,
564 2408 752 2480 &Pardum
768 2429 870 2475 unum
891 2406 1070 2494 eliquanto

224 2497 332 2589 specie
357 2498 425 2587 ipla
449 2499 666 2566 venustiorem
691 2498 824 2584 uirgato
847 2519 1015 2587 torpore,
1038 2505 1070 2571 se

227 2590 376 2658 maculis
390 2591 545 2656 didiuelo
561 2610 571 2655 t
596 2587 651 2655 led
667 2588 698 2652 iu
712 2588 902 2675 Elephauto
914 2592 1069 2657 omnium

222 2680 409 2746 admiratio
422 2685 526 2756 major
541 2725 552 2756 ‚
577 2676 630 2743 vel
646 2694 778 2764 propter
793 2676 991 2741 memoriam
1010 2700 1070 2745 an·

222 2770 421 2853 tiquitatis,
445 2767 536 2854 quod
552 2766 641 2851 apud
657 2782 785 2832 veteres
797 2768 864 2832 hec
876 2764 1070 2835 belluaRo·

221 2877 285 2920 me
313 2860 463 2941 frequent
486 2898 497 2928 ,
536 2869 631 2918 tauro
664 2851 849 2920 seculorum
889 2854 1072 2924 interuallo

221 2945 289 3009 visa
304 2965 369 3008 nou
385 2942 483 3006 fuerit
497 2981 508 3015 ,
521 2941 694 3025 postquam
707 2943 870 3010 videlicet
883 2944 981 3023 hujus
997 2965 1069 3012 ma.

218 3031 319 3094 xime
349 3037 411 3102 ,ἃ
437 3027 640 3093 nobiliffimae
664 3030 816 3097 civitatis
839 3048 968 3097 veteres
994 3035 1064 3099 ille

218 3117 380 3205 imperii,
404 3122 432 3184 St
457 3118 615 3201 potentie
641 3138 721 3201 oper
749 3119 962 3185 conciderunt
974 3142 989 3195 ,·
1015 3121 1072 3190 vel

215 3204 1070 3380 utililas?lilitlttlitlsst

737 3340 749 3370 ‚
1045 3327 1065 3345 .

215 3382 317 3445 tiorir
340 3380 416 3455 lui,
440 3399 479 3447 ut
499 3384 580 3446 fider
604 3384 695 3446 leret
713 3402 788 3451 non
815 3375 897 3442 falso
922 3377 1013 3440 fuisse
1041 3397 1062 3442 a

214 3469 397 3555 gentilibus
415 3470 535 3536 nolbir
550 3464 564 3541 ‚'
586 3468 712 3535 litteris
734 3466 902 3556 proditum
923 3506 934 3537 ,
967 3462 1061 3535 elle,

211 3561 376 3642 quandam
414 3561 467 3624 illi
483 3560 599 3622 bellue
613 3577 684 3620 cum
703 3575 815 3642 genere
830 3558 974 3616 humano
997 3553 1055 3618 so·

208 3648 370 3717 rietatem
389 3690 400 3712 ·
424 3656 539 3734 Atque
553 3650 619 3712 hec
637 3640 825 3728 hujusmodi
838 3641 1059 3709 animantium

610 3754 613 3759 ·
976 3753 1059 3825 pro.
