2542 4350
441 251 482 333 V
513 274 529 332 1
561 275 591 334 τ
623 276 678 334 Α.
915 256 988 344 xix
1023 348 1025 353 ,

149 361 318 448 venisset
340 423 354 470 ,
388 364 560 449 versatus
586 367 641 450 est
673 365 713 449 in
741 359 885 451 intima
901 371 985 480 ejus

147 481 352 567 pontificis
379 484 560 568 amicitia
589 489 629 569 &
668 484 950 570 familiaritate
975 550 988 577 .

147 603 238 685 Nec
280 628 375 684 veto
416 601 576 716 ingenio
607 602 783 686 hominis
821 601 986 690 solum

146 718 372 827 flemene,
401 719 466 804 sed
493 721 656 804 consilio
692 719 816 806 etiam
848 724 891 806 in
921 723 988 809 ad·

144 835 403 922 ministranda
433 839 634 952 republica
653 838 760 922 -usus
799 835 888 922 est.
916 840 986 930 Ad

142 951 571 1062 deliberationum,
602 985 702 1069 quas
731 956 906 1041 babebat
934 959 985 1045 de

141 1075 332 1160 maximis
363 1082 402 1161 8<
433 1074 670 1190 graviffimis
697 1076 852 1185 rebus,
882 1104 984 1169 eum

144 1219 226 1277 una
262 1223 355 1280 cum
386 1195 542 1304 aliquot
569 1195 658 1277 aliis
696 1193 836 1279 amicis
863 1194 981 1281 adhi-

137 1310 292 1398 bebat:
324 1341 438 1397 curas
467 1312 528 1395 illi
554 1317 749 1398 omnes&
765 1314 977 1426 cogitatio·

139 1456 211 1511 nes
238 1429 323 1514 suas
353 1431 643 1543 impertiebat:
673 1454 834 1515 tantum
865 1431 976 1514 deni·

132 1569 224 1654 que
263 1545 348 1654 ejus
386 1547 477 1632 fidei
507 1609 525 1654 ,
562 1568 721 1632 tontum
760 1545 981 1662 prudentio

142 1663 386 1772 tribuebat,
419 1687 466 1750 ut
494 1668 624 1750 muita
656 1693 747 1776 quae
781 1663 833 1749 ad
862 1663 982 1750 Chri·

142 1779 255 1867 niani
287 1784 460 1867 nominis
489 1782 670 1894 quietem
697 1843 711 1890 ,
741 1787 784 1868 δε
810 1781 861 1866 ad
891 1786 981 1866 mo·

142 1928 234 1985 turn
264 1929 312 1986 ac
341 1900 554 2015 disciplinae
578 1900 746 2015 publico
770 1897 979 1985 eorreuio·

143 2046 237 2102 nem
278 2021 573 2131 pertinebant,
604 2017 692 2126 ejus
730 2017 978 2131 potiffimum

144 2134 353 2223 admonitu
382 2141 423 2223 8<
441 2135 691 2221 consiliosibi
718 2135 866 2249 agenda
889 2162 980 2220 con·

144 2253 352 2339 stitueret.
383 2264 525 2365 Atque
553 2254 709 2339 utinam
729 2254 763 2336 is
790 2254 980 2340 Pontifex

143 2398 191 2456 ea
221 2401 311 2483 quae
341 2372 543 2458 interdum
578 2372 766 2487 praeclaro
803 2370 979 2482 quodam

143 2490 275 2579 animi
312 2491 474 2611 impetu
510 2508 629 2608 agere
664 2486 984 2598 meditabatur,

141 2812 167 2849 „
185 2778 254 2850 bue,
273 2782 372 2837 sedutti
391 2789 449 2840 Deo
460 2783 489 2839 in
511 2784 628 2838 Eeciebn
645 2798 710 2837 tuen
730 2780 846 2835 custodie
865 2778 983 2832 tribuere

144 2891 171 2928 ‚‚
189 2862 327 2914 stetuifl'em
350 2899 360 2918 .
380 2865 458 2933 Quod
482 2862 528 2915 iiie
549 2894 560 2929 ,
580 2876 609 2917 ut
628 2873 685 2914 etet
703 2854 798 2912 uetuit
821 2857 903 2909 boone
924 2888 935 2923 ,
955 2854 982 2908 ἃ

144 2968 170 3002 „
188 2938 254 2990 mihi
277 2940 412 3008 pollicito·
426 2940 462 2993 est
487 2973 498 3007 ,
519 2937 678 3009 &prestitit
698 2967 739 3005 „-
761 2937 833 2987 idem
847 2936 930 2986 s‘me
948 2934 979 2985 5²

140 3014 260 3082 Epistolt
289 3019 374 3069 Peulo
399 3020 457 3071 111.
470 3017 552 3089 'quoto
571 3018 689 3085 superine
712 3014 882 3066 laudavimus
900 3043 912 3076 ,
932 3009 985 3061 nio

140 3093 210 3163 quod
221 3094 403 3147 conditionem
415 3096 493 3148 illem
504 3094 577 3158 ,five
586 3092 735 3162 pustiouem
746 3089 872 3142 omittit.
890 3118 915 3153 „
927 3090 980 3138 Fe·

143 3199 169 3234 2,
187 3166 246 3220 etue
255 3170 290 3220 est
302 3171 396 3242 (eit)
406 3174 530 3226 clement
541 3172 665 3224 Pontifex
677 3207 684 3225 .
700 3172 728 3221 le
738 3167 827 3220 statim
838 3164 979 3216 vehemen-

141 3276 168 3312 ,‚
187 3259 227 3297 tet
245 3262 262 3297 t
275 3261 317 3298 tue
328 3248 492 3313 contendit,
508 3261 592 3301 utute
609 3250 641 3298 ed
658 3263 717 3297 eum
730 3247 897 3296 conferrem.
921 3242 980 3290 lte·

143 3354 169 3389 „
187 3341 237 3391 que
259 3326 373 3376 Romen
391 3326 508 3379 reversus
521 3326 595 3376 sun.
616 3327 679 3375 Non
698 3322 773 3387 potui
796 3318 867 3370 euim
884 3316 982 3367 Ponti·

145 3430 169 3465 „
191 3399 233 3450 fici
248 3400 350 3467 optime
358 3402 392 3452 de
409 3419 452 3455 me
463 3401 560 3453 metito
569 3415 677 3472 operm
690 3396 714 3448 k
726 3395 877 3469 obsequium
891 3405 980 3445 nen·

150 3494 175 3543 ,ς
201 3478 328 3546 denegete
341 3507 397 3543 „-
