<?xml version="1.0" encoding="UTF-8"?>
<!DOCTYPE html PUBLIC "-//W3C//DTD XHTML 1.0 Transitional//EN"
    "http://www.w3.org/TR/xhtml1/DTD/xhtml1-transitional.dtd">
<html xmlns="http://www.w3.org/1999/xhtml" xml:lang="en" lang="en">
 <head>
  <title>
</title>
<meta http-equiv="Content-Type" content="text/html;charset=utf-8" />
  <meta name='ocr-system' content='tesseract 3.04.00' />
  <meta name='ocr-capabilities' content='ocr_page ocr_carea ocr_par ocr_line ocrx_word'/>
</head>
<body>
  <div class='ocr_page' id='page_1' title='image "./jacobisadoletie00florgoog_0273.png"; bbox 0 0 2542 4350; ppageno 0'>
   <div class='ocr_carea' id='block_1_1' title="bbox 365 454 1192 895">
    <p class='ocr_par' dir='ltr' id='par_1_1' title="bbox 365 454 1192 787">
     <span class='ocr_line' id='line_1_1' title="bbox 365 454 1075 543; baseline 0.006 -17"><span class='ocrx_word' id='word_1_1' title='bbox 365 469 411 543; x_wconf 71' lang='lat'>28</span> <span class='ocrx_word' id='word_1_2' title='bbox 508 454 714 531; x_wconf 73' lang='lat' dir='ltr'>Jacosst</span> <span class='ocrx_word' id='word_1_3' title='bbox 746 454 1075 530; x_wconf 69' lang='lat' dir='ltr'>§ADOLETI</span> 
     </span>
     <span class='ocr_line' id='line_1_2' title="bbox 366 543 1192 621; baseline 0.012 -12"><span class='ocrx_word' id='word_1_4' title='bbox 366 544 503 619; x_wconf 83' lang='lat' dir='ltr'>scribit,</span> <span class='ocrx_word' id='word_1_5' title='bbox 529 550 620 621; x_wconf 70' lang='lat' dir='ltr'>cujus</span> <span class='ocrx_word' id='word_1_6' title='bbox 647 543 771 608; x_wconf 77' lang='lat' dir='ltr'>litteris</span> <span class='ocrx_word' id='word_1_7' title='bbox 796 543 899 608; x_wconf 81' lang='lat' dir='ltr'>fidem</span> <span class='ocrx_word' id='word_1_8' title='bbox 914 548 1123 617; x_wconf 75' lang='lat' dir='ltr'>adhibebis.</span> <span class='ocrx_word' id='word_1_9' title='bbox 1144 552 1192 619; x_wconf 60' lang='grc' dir='ltr'>Βῆ·</span> 
     </span>
     <span class='ocr_line' id='line_1_3' title="bbox 368 631 1192 717; baseline 0.007 -17"><span class='ocrx_word' id='word_1_10' title='bbox 368 650 441 700; x_wconf 89' lang='lat' dir='ltr'>tum</span> <span class='ocrx_word' id='word_1_11' title='bbox 465 637 576 697; x_wconf 81' lang='lat' dir='ltr'>Roma</span> <span class='ocrx_word' id='word_1_12' title='bbox 601 631 654 696; x_wconf 91' lang='lat' dir='ltr'>die</span> <span class='ocrx_word' id='word_1_13' title='bbox 668 653 723 707; x_wconf 75' lang='lat'>²⁴·</span> <span class='ocrx_word' id='word_1_14' title='bbox 749 631 891 717; x_wconf 81' lang='lat' dir='ltr'>Augusti</span> <span class='ocrx_word' id='word_1_15' title='bbox 921 641 1192 716; x_wconf 78' lang='lat' dir='ltr'>1518.Pootifitt·</span> 
     </span>
     <span class='ocr_line' id='line_1_4' title="bbox 377 729 581 787; baseline -0.02 0"><span class='ocrx_word' id='word_1_16' title='bbox 377 737 435 787; x_wconf 82' lang='lat' dir='ltr'>tus</span> <span class='ocrx_word' id='word_1_17' title='bbox 448 741 532 783; x_wconf 85' lang='lat' dir='ltr'>auno</span> <span class='ocrx_word' id='word_1_18' title='bbox 545 729 581 784; x_wconf 82' lang='lat'>6.</span> 
     </span>
    </p>

    <p class='ocr_par' dir='ltr' id='par_1_2' title="bbox 464 808 1137 895">
     <span class='ocr_line' id='line_1_5' title="bbox 464 808 1137 895; baseline 0.007 -22"><span class='ocrx_word' id='word_1_19' title='bbox 464 808 532 873; x_wconf 87' lang='lat' dir='ltr'>Leo</span> <span class='ocrx_word' id='word_1_20' title='bbox 549 809 593 895; x_wconf 51' lang='lat' dir='ltr'>Xe</span> <span class='ocrx_word' id='word_1_21' title='bbox 928 813 1137 881; x_wconf 78' lang='lat' dir='ltr'>Sadoietut.</span> 
     </span>
    </p>
   </div>
   <div class='ocr_carea' id='block_1_2' title="bbox 321 1010 915 1081">
    <p class='ocr_par' dir='ltr' id='par_1_3' title="bbox 321 1010 915 1081">
     <span class='ocr_line' id='line_1_6' title="bbox 321 1010 915 1081; baseline 0.003 -2"><span class='ocrx_word' id='word_1_22' title='bbox 321 1010 467 1080; x_wconf 71' lang='lat' dir='ltr'>&#39;LXL</span> <span class='ocrx_word' id='word_1_23' title='bbox 674 1014 915 1081; x_wconf 76' lang='lat' dir='ltr'>Etnru.</span> 
     </span>
    </p>
   </div>
   <div class='ocr_carea' id='block_1_3' title="bbox 375 1156 1192 3607">
    <p class='ocr_par' dir='ltr' id='par_1_4' title="bbox 471 1156 1192 1251">
     <span class='ocr_line' id='line_1_7' title="bbox 471 1156 1192 1251; baseline 0.003 -28"><span class='ocrx_word' id='word_1_24' title='bbox 471 1156 569 1224; x_wconf 79' lang='lat' dir='ltr'>nette</span> <span class='ocrx_word' id='word_1_25' title='bbox 580 1159 645 1224; x_wconf 81' lang='lat' dir='ltr'>Fili</span> <span class='ocrx_word' id='word_1_26' title='bbox 655 1203 668 1226; x_wconf 85' lang='lat'><strong>.</strong></span> <span class='ocrx_word' id='word_1_27' title='bbox 688 1161 1087 1230; x_wconf 77' lang='lat' dir='ltr'>ArbitramurCirc.tue</span> <span class='ocrx_word' id='word_1_28' title='bbox 1111 1162 1192 1251; x_wconf 76' lang='lat' dir='ltr'>cogni</span> 
     </span>
    </p>

    <p class='ocr_par' dir='ltr' id='par_1_5' title="bbox 375 1251 1192 3525">
     <span class='ocr_line' id='line_1_8' title="bbox 482 1251 1192 1338; baseline 0.01 -31"><span class='ocrx_word' id='word_1_29' title='bbox 482 1259 580 1318; x_wconf 89' lang='lat' dir='ltr'>tum,</span> <span class='ocrx_word' id='word_1_30' title='bbox 603 1269 663 1311; x_wconf 82' lang='lat' dir='ltr'>nos</span> <span class='ocrx_word' id='word_1_31' title='bbox 678 1264 809 1329; x_wconf 86' lang='lat' dir='ltr'>paterna</span> <span class='ocrx_word' id='word_1_32' title='bbox 821 1251 992 1315; x_wconf 76' lang='lat' dir='ltr'>charitate</span> <span class='ocrx_word' id='word_1_33' title='bbox 1004 1251 1192 1338; x_wconf 78' lang='lat' dir='ltr'>prosequidi</span> 
     </span>
     <span class='ocr_line' id='line_1_9' title="bbox 375 1332 1192 1406; baseline 0.005 -4"><span class='ocrx_word' id='word_1_34' title='bbox 375 1337 498 1401; x_wconf 68' lang='lat' dir='ltr'>sectum</span> <span class='ocrx_word' id='word_1_35' title='bbox 519 1332 640 1395; x_wconf 85' lang='lat' dir='ltr'>Filium</span> <span class='ocrx_word' id='word_1_36' title='bbox 654 1335 833 1399; x_wconf 82' lang='lat' dir='ltr'>Martiuum</span> <span class='ocrx_word' id='word_1_37' title='bbox 852 1339 1051 1404; x_wconf 76' lang='lat' dir='ltr'>Feroaudee</span> <span class='ocrx_word' id='word_1_38' title='bbox 1076 1343 1121 1406; x_wconf 89' lang='lat' dir='ltr'>de</span> <span class='ocrx_word' id='word_1_39' title='bbox 1140 1342 1192 1406; x_wconf 75' lang='lat' dir='ltr'>Gur</span> 
     </span>
     <span class='ocr_line' id='line_1_10' title="bbox 376 1418 1192 1495; baseline 0.011 -12"><span class='ocrx_word' id='word_1_40' title='bbox 376 1422 490 1495; x_wconf 83' lang='lat' dir='ltr'>doba,</span> <span class='ocrx_word' id='word_1_41' title='bbox 509 1418 594 1481; x_wconf 80' lang='lat' dir='ltr'>aliar</span> <span class='ocrx_word' id='word_1_42' title='bbox 617 1422 658 1486; x_wconf 90' lang='lat' dir='ltr'>de</span> <span class='ocrx_word' id='word_1_43' title='bbox 669 1421 799 1487; x_wconf 86' lang='lat' dir='ltr'>Moliua</span> <span class='ocrx_word' id='word_1_44' title='bbox 816 1421 1025 1489; x_wconf 78' lang='lat' dir='ltr'>familiarem</span> <span class='ocrx_word' id='word_1_45' title='bbox 1046 1428 1192 1491; x_wconf 80' lang='lat' dir='ltr'>&#39;nostrum</span> 
     </span>
     <span class='ocr_line' id='line_1_11' title="bbox 378 1506 1192 1599; baseline 0 -24"><span class='ocrx_word' id='word_1_46' title='bbox 378 1515 475 1587; x_wconf 80' lang='lat' dir='ltr'>cuiue</span> <span class='ocrx_word' id='word_1_47' title='bbox 486 1506 661 1592; x_wconf 83' lang='lat' dir='ltr'>lepiditate</span> <span class='ocrx_word' id='word_1_48' title='bbox 674 1509 819 1592; x_wconf 85' lang='lat' dir='ltr'>ingenii,</span> <span class='ocrx_word' id='word_1_49' title='bbox 837 1513 867 1575; x_wconf 73' lang='grc' dir='ltr'>ἃ</span> <span class='ocrx_word' id='word_1_50' title='bbox 883 1531 1019 1577; x_wconf 83' lang='lat' dir='ltr'>morum</span> <span class='ocrx_word' id='word_1_51' title='bbox 1031 1554 1049 1586; x_wconf 83' lang='lat'><strong>,</strong></span> <span class='ocrx_word' id='word_1_52' title='bbox 1070 1534 1144 1599; x_wconf 75' lang='lat' dir='ltr'>que</span> <span class='ocrx_word' id='word_1_53' title='bbox 1155 1529 1192 1575; x_wconf 74' lang='lat' dir='ltr'>mr</span> 
     </span>
     <span class='ocr_line' id='line_1_12' title="bbox 381 1595 1192 1677; baseline -0.004 -15"><span class='ocrx_word' id='word_1_54' title='bbox 381 1601 474 1666; x_wconf 77' lang='lat' dir='ltr'>xime</span> <span class='ocrx_word' id='word_1_55' title='bbox 486 1609 577 1660; x_wconf 81' lang='lat' dir='ltr'>extat</span> <span class='ocrx_word' id='word_1_56' title='bbox 590 1595 623 1660; x_wconf 90' lang='lat' dir='ltr'>iu</span> <span class='ocrx_word' id='word_1_57' title='bbox 638 1595 707 1668; x_wconf 79' lang='lat' dir='ltr'>iis,</span> <span class='ocrx_word' id='word_1_58' title='bbox 728 1596 851 1677; x_wconf 77' lang='lat' dir='ltr'>quibus</span> <span class='ocrx_word' id='word_1_59' title='bbox 864 1598 1091 1666; x_wconf 78' lang='lat' dir='ltr'>honestissime</span> <span class='ocrx_word' id='word_1_60' title='bbox 1111 1602 1192 1665; x_wconf 80' lang='lat' dir='ltr'>ociur</span> 
     </span>
     <span class='ocr_line' id='line_1_13' title="bbox 380 1683 1192 1773; baseline 0 -22"><span class='ocrx_word' id='word_1_61' title='bbox 380 1683 589 1756; x_wconf 70' lang='lat' dir='ltr'>traducitur,</span> <span class='ocrx_word' id='word_1_62' title='bbox 611 1702 671 1747; x_wconf 81' lang='lat' dir='ltr'>nor</span> <span class='ocrx_word' id='word_1_63' title='bbox 684 1725 698 1756; x_wconf 89' lang='lat'><strong><em>,</em></strong></span> <span class='ocrx_word' id='word_1_64' title='bbox 716 1697 875 1766; x_wconf 81' lang='lat' dir='ltr'>quantum</span> <span class='ocrx_word' id='word_1_65' title='bbox 889 1687 932 1747; x_wconf 82' lang='lat' dir='ltr'>ab</span> <span class='ocrx_word' id='word_1_66' title='bbox 945 1687 1069 1750; x_wconf 85' lang='lat' dir='ltr'>arduis</span> <span class='ocrx_word' id='word_1_67' title='bbox 1081 1687 1192 1773; x_wconf 79' lang='lat' dir='ltr'>negoti:</span> 
     </span>
     <span class='ocr_line' id='line_1_14' title="bbox 379 1769 1192 1846; baseline -0.001 -8"><span class='ocrx_word' id='word_1_68' title='bbox 379 1771 550 1838; x_wconf 80' lang='lat' dir='ltr'>interdum</span> <span class='ocrx_word' id='word_1_69' title='bbox 571 1769 735 1835; x_wconf 79' lang='lat' dir='ltr'>discedere</span> <span class='ocrx_word' id='word_1_70' title='bbox 760 1771 862 1846; x_wconf 87' lang='lat' dir='ltr'>licet,</span> <span class='ocrx_word' id='word_1_71' title='bbox 884 1769 973 1834; x_wconf 78' lang='lat' dir='ltr'>satie</span> <span class='ocrx_word' id='word_1_72' title='bbox 996 1773 1192 1840; x_wconf 70' lang='lat' dir='ltr'>delectamur</span> 
     </span>
     <span class='ocr_line' id='line_1_15' title="bbox 382 1853 1192 1945; baseline 0.001 -21"><span class='ocrx_word' id='word_1_73' title='bbox 382 1862 418 1925; x_wconf 74' lang='lat'>12</span> <span class='ocrx_word' id='word_1_74' title='bbox 432 1902 444 1932; x_wconf 84' lang='lat'>,</span> <span class='ocrx_word' id='word_1_75' title='bbox 465 1880 538 1922; x_wconf 87' lang='lat' dir='ltr'>cum</span> <span class='ocrx_word' id='word_1_76' title='bbox 551 1853 755 1944; x_wconf 81' lang='lat' dir='ltr'>summopere</span> <span class='ocrx_word' id='word_1_77' title='bbox 766 1858 925 1923; x_wconf 73' lang='lat' dir='ltr'>desideret</span> <span class='ocrx_word' id='word_1_78' title='bbox 939 1860 1098 1945; x_wconf 79' lang='lat' dir='ltr'>iosigoiri</span> <span class='ocrx_word' id='word_1_79' title='bbox 1110 1861 1192 1943; x_wconf 66' lang='lat' dir='ltr'>habit</span> 
     </span>
     <span class='ocr_line' id='line_1_16' title="bbox 380 1943 1192 2032; baseline 0.001 -22"><span class='ocrx_word' id='word_1_80' title='bbox 380 1945 612 2014; x_wconf 71' lang='lat' dir='ltr'>Saudiiacobi</span> <span class='ocrx_word' id='word_1_81' title='bbox 639 1945 680 2009; x_wconf 94' lang='lat' dir='ltr'>de</span> <span class='ocrx_word' id='word_1_82' title='bbox 691 1951 788 2030; x_wconf 82' lang='lat' dir='ltr'>spata</span> <span class='ocrx_word' id='word_1_83' title='bbox 799 1943 941 2012; x_wconf 76' lang='lat' dir='ltr'>Ordinis</span> <span class='ocrx_word' id='word_1_84' title='bbox 953 1949 1091 2032; x_wconf 65' lang='lat' dir='ltr'>Regiig</span> <span class='ocrx_word' id='word_1_85' title='bbox 1113 1948 1192 2015; x_wconf 72' lang='lat' dir='ltr'>serio</span> 
     </span>
     <span class='ocr_line' id='line_1_17' title="bbox 383 2031 1192 2100; baseline 0 -5"><span class='ocrx_word' id='word_1_86' title='bbox 383 2054 462 2095; x_wconf 75' lang='lat' dir='ltr'>mue</span> <span class='ocrx_word' id='word_1_87' title='bbox 478 2032 520 2093; x_wconf 84' lang='lat' dir='ltr'>ad</span> <span class='ocrx_word' id='word_1_88' title='bbox 532 2031 741 2095; x_wconf 85' lang='lat' dir='ltr'>chariffimum</span> <span class='ocrx_word' id='word_1_89' title='bbox 756 2033 789 2098; x_wconf 87' lang='lat' dir='ltr'>iu</span> <span class='ocrx_word' id='word_1_90' title='bbox 800 2031 931 2098; x_wconf 81' lang='lat' dir='ltr'>Christo</span> <span class='ocrx_word' id='word_1_91' title='bbox 943 2032 1058 2098; x_wconf 85' lang='lat' dir='ltr'>filium</span> <span class='ocrx_word' id='word_1_92' title='bbox 1078 2038 1192 2100; x_wconf 80' lang='lat' dir='ltr'>nostru</span> 
     </span>
     <span class='ocr_line' id='line_1_18' title="bbox 383 2115 1192 2205; baseline -0.002 -22"><span class='ocrx_word' id='word_1_93' title='bbox 383 2119 544 2183; x_wconf 74' lang='lat' dir='ltr'>carosum</span> <span class='ocrx_word' id='word_1_94' title='bbox 556 2115 782 2205; x_wconf 82' lang='lat' dir='ltr'>Hispaniarum</span> <span class='ocrx_word' id='word_1_95' title='bbox 794 2121 916 2203; x_wconf 86' lang='lat' dir='ltr'>Regem</span> <span class='ocrx_word' id='word_1_96' title='bbox 927 2120 1172 2197; x_wconf 76' lang='lat' dir='ltr'>catholicum,</span> <span class='ocrx_word' id='word_1_97' title='bbox 1184 2142 1192 2181; x_wconf 86' lang='lat' dir='ltr'>r</span> 
     </span>
     <span class='ocr_line' id='line_1_19' title="bbox 385 2206 1192 2276; baseline 0.001 -6"><span class='ocrx_word' id='word_1_98' title='bbox 385 2207 500 2272; x_wconf 83' lang='lat' dir='ltr'>nostro</span> <span class='ocrx_word' id='word_1_99' title='bbox 519 2226 557 2269; x_wconf 84' lang='lat' dir='ltr'>ae</span> <span class='ocrx_word' id='word_1_100' title='bbox 581 2206 775 2270; x_wconf 85' lang='lat' dir='ltr'>meritorum</span> <span class='ocrx_word' id='word_1_101' title='bbox 803 2206 883 2270; x_wconf 75' lang='lat' dir='ltr'>dieti</span> <span class='ocrx_word' id='word_1_102' title='bbox 902 2208 1046 2273; x_wconf 83' lang='lat' dir='ltr'>Martini</span> <span class='ocrx_word' id='word_1_103' title='bbox 1070 2211 1192 2276; x_wconf 88' lang='lat' dir='ltr'>iutuitu</span> 
     </span>
     <span class='ocr_line' id='line_1_20' title="bbox 382 2290 1192 2371; baseline 0.005 -15"><span class='ocrx_word' id='word_1_104' title='bbox 382 2293 469 2356; x_wconf 83' lang='lat' dir='ltr'>veiit</span> <span class='ocrx_word' id='word_1_105' title='bbox 481 2290 583 2356; x_wconf 84' lang='lat' dir='ltr'>alicui</span> <span class='ocrx_word' id='word_1_106' title='bbox 599 2292 631 2357; x_wconf 90' lang='lat' dir='ltr'>iu</span> <span class='ocrx_word' id='word_1_107' title='bbox 643 2295 788 2356; x_wconf 83' lang='lat' dir='ltr'>Romana</span> <span class='ocrx_word' id='word_1_108' title='bbox 803 2294 903 2358; x_wconf 87' lang='lat' dir='ltr'>Curia</span> <span class='ocrx_word' id='word_1_109' title='bbox 916 2295 1163 2371; x_wconf 85' lang='lat' dir='ltr'>committere,</span> <span class='ocrx_word' id='word_1_110' title='bbox 1185 2319 1192 2360; x_wconf 86' lang='grc' dir='ltr'>ι</span> 
     </span>
     <span class='ocr_line' id='line_1_21' title="bbox 382 2378 1192 2468; baseline 0.001 -24"><span class='ocrx_word' id='word_1_111' title='bbox 382 2379 555 2451; x_wconf 79' lang='lat' dir='ltr'>Murtioo,</span> <span class='ocrx_word' id='word_1_112' title='bbox 579 2392 710 2443; x_wconf 81' lang='lat' dir='ltr'>attento</span> <span class='ocrx_word' id='word_1_113' title='bbox 722 2380 814 2463; x_wconf 89' lang='lat' dir='ltr'>quod</span> <span class='ocrx_word' id='word_1_114' title='bbox 837 2378 903 2468; x_wconf 84' lang='lat' dir='ltr'>ipse</span> <span class='ocrx_word' id='word_1_115' title='bbox 928 2381 962 2444; x_wconf 89' lang='lat' dir='ltr'>io</span> <span class='ocrx_word' id='word_1_116' title='bbox 985 2380 1141 2447; x_wconf 71' lang='lat' dir='ltr'>servitiis</span> <span class='ocrx_word' id='word_1_117' title='bbox 1162 2402 1192 2447; x_wconf 84' lang='lat' dir='ltr'>ot</span> 
     </span>
     <span class='ocr_line' id='line_1_22' title="bbox 389 2462 1192 2555; baseline 0.006 -27"><span class='ocrx_word' id='word_1_118' title='bbox 389 2468 465 2531; x_wconf 78' lang='lat' dir='ltr'>sirie</span> <span class='ocrx_word' id='word_1_119' title='bbox 489 2469 612 2550; x_wconf 85' lang='lat' dir='ltr'>jugiter</span> <span class='ocrx_word' id='word_1_120' title='bbox 634 2462 800 2543; x_wconf 80' lang='lat' dir='ltr'>versatur,</span> <span class='ocrx_word' id='word_1_121' title='bbox 823 2474 865 2537; x_wconf 74' lang='grc' dir='ltr'>ἃ.</span> <span class='ocrx_word' id='word_1_122' title='bbox 882 2480 1056 2554; x_wconf 80' lang='lat' dir='ltr'>propterea</span> <span class='ocrx_word' id='word_1_123' title='bbox 1083 2473 1132 2533; x_wconf 87' lang='lat' dir='ltr'>ab</span> <span class='ocrx_word' id='word_1_124' title='bbox 1154 2471 1192 2555; x_wconf 80' lang='lat' dir='ltr'>ipi</span> 
     </span>
     <span class='ocr_line' id='line_1_23' title="bbox 387 2555 1192 2642; baseline -0.001 -20"><span class='ocrx_word' id='word_1_125' title='bbox 387 2557 488 2622; x_wconf 83' lang='lat' dir='ltr'>Curia</span> <span class='ocrx_word' id='word_1_126' title='bbox 502 2555 669 2621; x_wconf 82' lang='lat' dir='ltr'>discedere</span> <span class='ocrx_word' id='word_1_127' title='bbox 694 2576 761 2621; x_wconf 85' lang='lat' dir='ltr'>ooo</span> <span class='ocrx_word' id='word_1_128' title='bbox 783 2555 910 2642; x_wconf 85' lang='lat' dir='ltr'>potest,</span> <span class='ocrx_word' id='word_1_129' title='bbox 934 2556 1091 2621; x_wconf 84' lang='lat' dir='ltr'>habitum</span> <span class='ocrx_word' id='word_1_130' title='bbox 1107 2559 1192 2635; x_wconf 77' lang='lat' dir='ltr'>huju</span> 
     </span>
     <span class='ocr_line' id='line_1_24' title="bbox 388 2642 1192 2720; baseline -0.001 -12"><span class='ocrx_word' id='word_1_131' title='bbox 388 2646 504 2720; x_wconf 83' lang='lat' dir='ltr'>modi,</span> <span class='ocrx_word' id='word_1_132' title='bbox 520 2644 649 2711; x_wconf 85' lang='lat' dir='ltr'>nomine</span> <span class='ocrx_word' id='word_1_133' title='bbox 663 2643 842 2720; x_wconf 76' lang='lat' dir='ltr'>Maiestatis</span> <span class='ocrx_word' id='word_1_134' title='bbox 857 2642 920 2707; x_wconf 79' lang='lat' dir='ltr'>sue</span> <span class='ocrx_word' id='word_1_135' title='bbox 934 2644 1086 2709; x_wconf 83' lang='lat' dir='ltr'>conserat</span> <span class='ocrx_word' id='word_1_136' title='bbox 1099 2687 1113 2709; x_wconf 87' lang='grc'><strong>.</strong></span> <span class='ocrx_word' id='word_1_137' title='bbox 1136 2649 1192 2715; x_wconf 74' lang='lat' dir='ltr'>Cur</span> 
     </span>
     <span class='ocr_line' id='line_1_25' title="bbox 385 2730 1192 2805; baseline -0.001 -10"><span class='ocrx_word' id='word_1_138' title='bbox 385 2735 634 2798; x_wconf 79' lang='lat' dir='ltr'>autemreehaec</span> <span class='ocrx_word' id='word_1_139' title='bbox 645 2734 743 2797; x_wconf 78' lang='lat' dir='ltr'>nobit</span> <span class='ocrx_word' id='word_1_140' title='bbox 757 2754 840 2796; x_wconf 81' lang='lat' dir='ltr'>curre</span> <span class='ocrx_word' id='word_1_141' title='bbox 852 2732 894 2794; x_wconf 86' lang='lat' dir='ltr'>srt</span> <span class='ocrx_word' id='word_1_142' title='bbox 904 2774 917 2805; x_wconf 90' lang='lat'>,</span> <span class='ocrx_word' id='word_1_143' title='bbox 938 2730 1106 2795; x_wconf 74' lang='lat' dir='ltr'>duximus</span> <span class='ocrx_word' id='word_1_144' title='bbox 1118 2735 1192 2798; x_wconf 72' lang='lat' dir='ltr'>etiai</span> 
     </span>
     <span class='ocr_line' id='line_1_26' title="bbox 386 2818 1192 2910; baseline 0.001 -28"><span class='ocrx_word' id='word_1_145' title='bbox 386 2822 431 2882; x_wconf 86' lang='lat' dir='ltr'>ad</span> <span class='ocrx_word' id='word_1_146' title='bbox 445 2818 629 2905; x_wconf 82' lang='lat' dir='ltr'>Circumsp.</span> <span class='ocrx_word' id='word_1_147' title='bbox 644 2832 733 2884; x_wconf 86' lang='lat' dir='ltr'>tuam</span> <span class='ocrx_word' id='word_1_148' title='bbox 746 2818 974 2892; x_wconf 81' lang='lat' dir='ltr'>scribendum,</span> <span class='ocrx_word' id='word_1_149' title='bbox 997 2834 1038 2883; x_wconf 90' lang='lat' dir='ltr'>ut</span> <span class='ocrx_word' id='word_1_150' title='bbox 1051 2823 1147 2910; x_wconf 85' lang='lat' dir='ltr'>apud</span> <span class='ocrx_word' id='word_1_151' title='bbox 1157 2826 1192 2887; x_wconf 79' lang='lat' dir='ltr'>Rt</span> 
     </span>
     <span class='ocr_line' id='line_1_27' title="bbox 390 2906 1192 2995; baseline 0.002 -25"><span class='ocrx_word' id='word_1_152' title='bbox 390 2929 463 2993; x_wconf 80' lang='lat' dir='ltr'>gem</span> <span class='ocrx_word' id='word_1_153' title='bbox 478 2906 648 2992; x_wconf 79' lang='lat' dir='ltr'>prefatum</span> <span class='ocrx_word' id='word_1_154' title='bbox 678 2908 785 2974; x_wconf 84' lang='lat' dir='ltr'>nostro</span> <span class='ocrx_word' id='word_1_155' title='bbox 808 2908 937 2972; x_wconf 87' lang='lat' dir='ltr'>oomioe</span> <span class='ocrx_word' id='word_1_156' title='bbox 953 2908 1075 2981; x_wconf 81' lang='lat' dir='ltr'>instes,</span> <span class='ocrx_word' id='word_1_157' title='bbox 1101 2928 1142 2972; x_wconf 85' lang='lat' dir='ltr'>ac</span> <span class='ocrx_word' id='word_1_158' title='bbox 1162 2930 1192 2995; x_wconf 87' lang='lat' dir='ltr'>pr</span> 
     </span>
     <span class='ocr_line' id='line_1_28' title="bbox 388 2994 1192 3072; baseline 0.002 -15"><span class='ocrx_word' id='word_1_159' title='bbox 388 3009 447 3057; x_wconf 78' lang='lat' dir='ltr'>tua</span> <span class='ocrx_word' id='word_1_160' title='bbox 473 2994 675 3059; x_wconf 79' lang='lat' dir='ltr'>dexteritate</span> <span class='ocrx_word' id='word_1_161' title='bbox 702 2998 824 3061; x_wconf 76' lang='lat' dir='ltr'>efficiar</span> <span class='ocrx_word' id='word_1_162' title='bbox 843 3041 856 3072; x_wconf 90' lang='lat'>,</span> <span class='ocrx_word' id='word_1_163' title='bbox 878 3010 917 3059; x_wconf 90' lang='lat' dir='ltr'>ut</span> <span class='ocrx_word' id='word_1_164' title='bbox 936 2996 1026 3058; x_wconf 87' lang='lat' dir='ltr'>idem</span> <span class='ocrx_word' id='word_1_165' title='bbox 1050 2995 1192 3059; x_wconf 75' lang='lat' dir='ltr'>Martini</span> 
     </span>
     <span class='ocr_line' id='line_1_29' title="bbox 388 3079 1192 3170; baseline 0.001 -27"><span class='ocrx_word' id='word_1_166' title='bbox 388 3079 465 3143; x_wconf 79' lang='lat' dir='ltr'>voti</span> <span class='ocrx_word' id='word_1_167' title='bbox 478 3102 615 3164; x_wconf 75' lang='lat' dir='ltr'>compos</span> <span class='ocrx_word' id='word_1_168' title='bbox 630 3085 715 3160; x_wconf 63' lang='lat' dir='ltr'>flate</span> <span class='ocrx_word' id='word_1_169' title='bbox 734 3086 860 3149; x_wconf 81' lang='lat' dir='ltr'>cuiuos</span> <span class='ocrx_word' id='word_1_170' title='bbox 871 3084 1000 3170; x_wconf 82' lang='lat' dir='ltr'>postea,</span> <span class='ocrx_word' id='word_1_171' title='bbox 1023 3099 1192 3149; x_wconf 75' lang='lat' dir='ltr'>occurrent</span> 
     </span>
     <span class='ocr_line' id='line_1_30' title="bbox 387 3169 1192 3255; baseline 0.007 -27"><span class='ocrx_word' id='word_1_172' title='bbox 387 3169 665 3248; x_wconf 82' lang='lat' dir='ltr'>opportunitate,</span> <span class='ocrx_word' id='word_1_173' title='bbox 688 3173 729 3234; x_wconf 89' lang='lat' dir='ltr'>de</span> <span class='ocrx_word' id='word_1_174' title='bbox 741 3172 910 3254; x_wconf 75' lang='lat' dir='ltr'>aliquibus</span> <span class='ocrx_word' id='word_1_175' title='bbox 924 3169 1116 3234; x_wconf 74' lang='lat' dir='ltr'>redditibus</span> <span class='ocrx_word' id='word_1_176' title='bbox 1140 3191 1192 3255; x_wconf 85' lang='lat' dir='ltr'>prr</span> 
     </span>
     <span class='ocr_line' id='line_1_31' title="bbox 386 3254 1192 3339; baseline 0.002 -22"><span class='ocrx_word' id='word_1_177' title='bbox 386 3254 575 3319; x_wconf 68' lang='lat' dir='ltr'>videbimus</span> <span class='ocrx_word' id='word_1_178' title='bbox 597 3304 611 3331; x_wconf 83' lang='lat'><strong>,</strong></span> <span class='ocrx_word' id='word_1_179' title='bbox 633 3275 673 3323; x_wconf 91' lang='lat' dir='ltr'>ut</span> <span class='ocrx_word' id='word_1_180' title='bbox 696 3258 728 3324; x_wconf 88' lang='lat' dir='ltr'>se</span> <span class='ocrx_word' id='word_1_181' title='bbox 753 3266 846 3339; x_wconf 79' lang='lat' dir='ltr'>Juxta</span> <span class='ocrx_word' id='word_1_182' title='bbox 867 3257 999 3323; x_wconf 80' lang='lat' dir='ltr'>militie</span> <span class='ocrx_word' id='word_1_183' title='bbox 1026 3257 1192 3333; x_wconf 76' lang='lat' dir='ltr'>hujusmor</span> 
     </span>
     <span class='ocr_line' id='line_1_32' title="bbox 384 3342 1186 3426; baseline 0.011 -26"><span class='ocrx_word' id='word_1_184' title='bbox 384 3342 588 3426; x_wconf 80' lang='lat' dir='ltr'>exigentiam</span> <span class='ocrx_word' id='word_1_185' title='bbox 603 3345 756 3415; x_wconf 87' lang='lat' dir='ltr'>decenter</span> <span class='ocrx_word' id='word_1_186' title='bbox 767 3347 875 3411; x_wconf 79' lang='lat' dir='ltr'>valeat</span> <span class='ocrx_word' id='word_1_187' title='bbox 885 3347 1080 3413; x_wconf 79' lang='lat' dir='ltr'>sustentare.</span> <span class='ocrx_word' id='word_1_188' title='bbox 1091 3348 1186 3409; x_wconf 89' lang='lat' dir='ltr'>Datu</span> 
     </span>
     <span class='ocr_line' id='line_1_33' title="bbox 386 3428 1133 3525; baseline 0.001 -29"><span class='ocrx_word' id='word_1_189' title='bbox 386 3428 500 3496; x_wconf 80' lang='lat' dir='ltr'>Rome</span> <span class='ocrx_word' id='word_1_190' title='bbox 516 3431 570 3493; x_wconf 87' lang='lat' dir='ltr'>die</span> <span class='ocrx_word' id='word_1_191' title='bbox 583 3440 635 3500; x_wconf 80' lang='lat'>28.</span> <span class='ocrx_word' id='word_1_192' title='bbox 649 3436 787 3525; x_wconf 82' lang='lat' dir='ltr'>Augusti</span> <span class='ocrx_word' id='word_1_193' title='bbox 801 3443 992 3517; x_wconf 71' lang='lat'>15180211110</span> <span class='ocrx_word' id='word_1_194' title='bbox 1007 3431 1104 3498; x_wconf 82' lang='lat' dir='ltr'>sexto</span> <span class='ocrx_word' id='word_1_195' title='bbox 1119 3477 1133 3497; x_wconf 76' lang='grc'><strong>.</strong></span> 
     </span>
    </p>

    <p class='ocr_par' dir='ltr' id='par_1_6' title="bbox 475 3516 1139 3607">
     <span class='ocr_line' id='line_1_34' title="bbox 475 3516 1139 3607; baseline 0.002 -25"><span class='ocrx_word' id='word_1_196' title='bbox 475 3516 544 3583; x_wconf 80' lang='lat' dir='ltr'>Leo</span> <span class='ocrx_word' id='word_1_197' title='bbox 563 3524 608 3607; x_wconf 58' lang='grc' dir='ltr'>Χ,</span> <span class='ocrx_word' id='word_1_198' title='bbox 933 3519 1108 3586; x_wconf 78' lang='lat' dir='ltr'>Sadoietur</span> <span class='ocrx_word' id='word_1_199' title='bbox 1125 3563 1139 3583; x_wconf 83' lang='lat'><strong>.</strong></span> 
     </span>
    </p>
   </div>
   <div class='ocr_carea' id='block_1_4' title="bbox 906 3655 1192 3758">
    <p class='ocr_par' dir='ltr' id='par_1_7' title="bbox 906 3655 1192 3758">
     <span class='ocr_line' id='line_1_35' title="bbox 906 3655 1192 3758; baseline -0.003 -2"><span class='ocrx_word' id='word_1_200' title='bbox 906 3659 908 3665; x_wconf 74' lang='grc'><strong>’</strong></span> <span class='ocrx_word' id='word_1_201' title='bbox 955 3655 959 3663; x_wconf 68' lang='grc'><strong>’</strong></span> <span class='ocrx_word' id='word_1_202' title='bbox 1041 3657 1192 3758; x_wconf 64' lang='grc' dir='ltr'>ικυζες</span> 
     </span>
    </p>
   </div>
   <div class='ocr_carea' id='block_1_5' title="bbox 0 0 1296 4350">
    <p class='ocr_par' dir='ltr' id='par_1_8' title="bbox 0 0 1296 4350">
     <span class='ocr_line' id='line_1_36' title="bbox 0 0 1296 4350; baseline 0 0"><span class='ocrx_word' id='word_1_203' title='bbox 0 0 1296 4350; x_wconf 95' lang='lat' dir='ltr'> </span> 
     </span>
    </p>
   </div>
  </div>
 </body>
</html>
