2542 4350
390 397 854 484 Trrtrrruorrrt.
912 426 1052 494 cxxxv

299 589 540 648 SCAEVOLA
572 590 632 643 ET
663 591 961 650 LUDOVICUS

445 667 824 724 summutantur

320 819 516 889 Galliaclrr'ss.
526 826 604 878 Tora.
618 836 646 879 a.
662 837 727 897 pag.
737 778 945 893 inpeditum.

261 980 378 1035 Accaus
398 981 573 1034 Sunottrue
596 981 748 1035 Cardinalia
764 985 795 1035 8.
808 984 881 1037 Petri
893 986 925 1037 ad
938 982 1050 1042 Vincula

211 983 247 1202 J
269 1058 503 1123 trituratoria,
523 1058 634 1110 Mutina
657 1060 785 1113 oriundae
805 1077 849 1113 an.
873 1067 956 1128 1478·
975 1079 1051 1130 patre

231 1151 319 1188 mnne
340 1136 463 1188 Sadoleto
483 1134 556 1197 Juria
579 1135 675 1187 civilia
697 1133 721 1185 ἃ
741 1137 874 1190 Pontificii
898 1141 1051 1207 cognitione

211 1215 327 1281 inignit
348 1214 393 1284 qui
413 1214 497 1282 prirna
515 1213 687 1266 adolescentia
701 1212 786 1267 filium
807 1216 899 1287 inquo
918 1219 1050 1283 raped'en.

210 1294 303 1344 darum
327 1290 420 1343 omnia
438 1291 540 1358 generie
561 1291 697 1343 literarum
721 1291 862 1359 specimina
879 1294 1014 1348 elucebant
1035 1326 1050 1363 ‚

210 1370 300 1422 sedulo
312 1369 412 1421 curavit
432 1368 599 1421 imbuendum
615 1368 766 1422 liberalibus
776 1370 901 1423 omnibus
913 1370 1011 1426 artibaa
1023 1370 1051 1424 k

210 1447 391 1512 disciplinis,
410 1457 568 1513 preceptore
593 1447 656 1499 ulua
681 1447 795 1500 Nicolao
807 1449 954 1500 Lennircno
971 1481 983 1514 ,
1002 1449 1051 1503 rub

210 1541 263 1596 quo
276 1522 449 1591 philosophia
465 1522 630 1590 tyrocinium
645 1525 733 1593 feeit,
752 1542 810 1578 cum
823 1528 951 1590 Grncaa,
970 1525 1049 1581 tati·

211 1603 307 1670 masque
327 1602 431 1668 linguar
449 1601 566 1668 apprime
586 1603 718 1658 calleret.
739 1607 851 1655 Romam
874 1601 1002 1672 pror'rfllur
1014 1603 1047 1657 itt

211 1677 330 1732 oliverii
359 1675 468 1730 catalla
490 1678 640 1729 cardinalia
667 1679 868 1731 contubernium
895 1680 1046 1747 canitur,

212 1768 276 1810 runc
294 1752 443 1804 dollit'limir
455 1752 521 1804 viria
536 1754 655 1806 innotuit
679 1751 806 1817 iuverim
827 1757 968 1821 prusertim
982 1771 1047 1809 veto

213 1838 294 1887 l’etto
318 1830 443 1896 temno,
460 1829 506 1899 qui
521 1845 574 1881 una
591 1846 649 1882 cum
664 1832 825 1883 Sanuatro
845 1831 954 1896 nostro,
974 1832 1046 1886 inter

214 1910 333 1963 eruditor
350 1907 423 1959 viror
444 1939 456 1972 ,
474 1923 585 1977 quorum
612 1923 692 1975 opera
718 1906 843 1960 rontirex
870 1909 1044 1964 ascribendia

212 1987 332 2056 epistolia
349 1996 521 2052 utereturpa
537 1987 624 2037 Leone
636 1989 672 2037 x.
685 1984 834 2053 deligitur.
854 1987 918 2036 Eam
937 1988 1043 2055 quidem

211 2063 375 2118 funilionem
396 2064 459 2114 adeo
480 2063 593 2114 feliciter
615 2062 702 2115 obivit
724 2095 734 2128 ‚
754 2077 784 2114 ut
802 2079 879 2114 nemo
902 2077 979 2116 arare
999 2065 1044 2119 sua

214 2141 341 2198 scribendi
362 2142 489 2193 facultate
511 2138 680 2208 &elegantia
691 2140 814 2211 antiquoa
825 2143 932 2211 aquaist
952 2140 1045 2197 videa·

213 2231 277 2274 tur:
301 2231 356 2271 erat
378 2219 449 2270 eninr
470 2218 560 2271 multia
578 2219 666 2272 ritulia
682 2218 797 2284 doetus,
817 2235 909 2287 nempe
929 2219 1049 2273 Theolo-

216 2314 287 2367 gue,
307 2301 428 2362 Orator,
447 2294 645 2363 philosopher,
663 2300 765 2361 Poeta,
785 2293 810 2345 ἃ
827 2296 856 2348 in
873 2298 947 2348 omni
966 2299 1050 2351 scien.

213 2377 312 2429 tiorum
339 2389 431 2441 genere
452 2374 602 2425 excellent.
623 2377 692 2427 Cum
711 2387 799 2426 aurem
812 2371 845 2425 ab
855 2376 929 2427 omni
942 2375 1048 2445 cupidi·

216 2465 272 2506 tate
299 2452 507 2503 Sacerdotiorum
528 2452 589 2503 elset
607 2450 710 2502 alienun
731 2482 744 2516 ‚
763 2452 865 2503 tametfi
885 2453 960 2503 valde
984 2469 1047 2519 gra.

213 2532 297 2584 riosua
314 2526 435 2579 Pontifici
457 2528 523 2594 apud
544 2544 603 2579 eum
624 2528 767 2594 plurimum
780 2528 883 2593 pollet,
902 2545 932 2580 ea
945 2530 1046 2595 semper

142 2612 150 2624 '
211 2606 361 2674 repudiavit
376 2601 392 2668 ,¹
406 2604 486 2655 donce
499 2601 630 2671 proiellua
650 2603 707 2655 voti
725 2605 798 2654 cattia
816 2604 847 2653 ad
869 2608 1046 2659 Lauretanam

210 2683 333 2752 virginit
348 2684 427 2733 adem
442 2711 455 2746 ,
474 2691 584 2732 vacante
595 2691 652 2731 tum
665 2678 903 2748 carpentoraarnr
917 2682 1050 2754 Ecclclia,

208 2763 234 2816 ai
255 2763 328 2814 ultro
342 2776 395 2811 non
415 2759 565 2827 pollulante
577 2788 590 2822 ,
602 2756 658 2809 imo
670 2758 822 2825 aliquandiu
833 2759 1048 2812 recusanti-com·

210 2841 334 2895 mendara
348 2836 394 2891 eli.
404 2838 440 2889 Ar
453 2835 507 2904 poll
519 2835 616 2888 Leonia
626 2834 762 2888 Pontificir
771 2835 989 2901 tranfitamcaria
1000 2837 1048 2890 ab·

211 2915 390 2981 rreffitmrrim
405 2911 633 2983 carpentorraenr
644 2914 869 2982 migrana,magna
879 2914 974 2985 ubique
987 2933 1048 2983 gru.

212 2994 345 3050 rulatione
362 3007 485 3060 cxceprna
497 2993 524 3043 in
535 2992 634 3043 ditateli
648 3029 657 3045 .
671 2996 692 3044 A
711 2992 850 3045 Clemente
862 2994 927 3049 Vll.
946 2993 1049 3048 iuaitna
1160 3024 1163 3028 ·

216 3073 311 3126 iterum
335 3071 469 3123 accerlitua
489 3070 565 3134 init,
584 3086 660 3139 quem
686 3086 744 3121 eum
763 3070 877 3138 impense
894 3071 1016 3138 diligeret
1035 3103 1049 3139 ,

210 3149 273 3212 einr
291 3148 364 3201 votia
381 3147 591 3213 obsecundarit,
611 3148 725 3200 neultra
739 3148 883 3201 triennium
905 3149 976 3201 asna
994 3151 1048 3202 Ee·

212 3228 285 3279 clefia
307 3226 397 3278 abellet
411 3260 419 3276 .
433 3229 524 3275 Romu
542 3241 604 3293 ergo
617 3226 739 3278 intimam
754 3224 888 3278 Pontifiria
899 3224 1048 3280 amicitiem

214 3304 240 3356 dt
255 3303 466 3355 familiaritatem
481 3301 523 3352 fibi
538 3305 704 3370 promeruit,
724 3301 780 3363 aiut
792 3303 904 3355 confiliia
916 3305 979 3372 supe
990 3306 1049 3358 usur

218 3382 248 3433 in
264 3379 462 3431 adminillrnnda
482 3381 625 3447 Republica
643 3381 814 3435 Christiana:
834 3398 942 3450 cumque
963 3384 1048 3434 trien·

217 3460 294 3516 trium
307 3460 378 3510 suum
393 3457 514 3523 caegillet
528 3489 539 3522 ,
559 3475 591 3509 ex
603 3458 691 3510 officio
710 3459 855 3525 Episcopali
868 3460 956 3510 urbem
976 3460 1047 3509 suam

226 3537 352 3607 regrellut
365 3537 563 3605 duremur,
582 3536 717 3595 tunmillu
737 3536 781 3590 rbi
793 3538 891 3608 populu
908 3538 1051 3605 vigilanter

973 3614 1046 3665 ‘ruru-
