2542 4350
364 474 480 567 mii
537 484 732 598 Jncoar
771 481 1046 568 Snnonnnr

365 596 606 716 populorum
638 603 678 684 8<
696 599 923 714 principum
951 589 1177 684 defessione

369 713 1192 835 Ecclesraesudiuosa,ipsispestifera‚*gra

368 837 524 923 vissime
552 837 681 924 dosuit
699 870 710 924 ε
729 839 886 956 semper
910 862 956 923 ut
975 840 1035 948 ii,
1066 841 1139 950 qui
1170 843 1192 926 d

368 979 559 1074 poterant
590 963 631 1045 &
649 958 878 1069 debebant,
910 983 1023 1044 tanto
1044 956 1102 1044 issi
1122 960 1192 1044 vul

368 1077 457 1189 neri
489 1075 766 1192 mederentur,
792 1080 978 1197 optavit.
1009 1076 1086 1168 Sed
1115 1107 1192 1166 cun

369 1194 578 1286 sedulitate
611 1198 717 1308 sua,
748 1201 795 1285 iis
826 1200 897 1313 qui
927 1223 1015 1283 tum
1047 1199 1101 1284 ab
1133 1206 1192 1288 Ec

370 1316 484 1403 csesra
514 1323 555 1406 &
594 1319 784 1405 Pontifice
815 1328 1002 1407 Romano
1050 1313 1192 1434 penitu

294 1548 297 1555 A
369 1435 534 1523 alienati
558 1465 703 1550 erant,
734 1438 907 1554 prodesse
925 1439 1029 1525 nihil
1057 1441 1187 1554 posset

368 1558 487 1642 enixe
518 1555 558 1642 id
589 1587 754 1674 operam
783 1557 933 1670 dedit,
964 1582 1012 1645 ut
1043 1588 1109 1644 eos
1140 1559 1192 1648 sas

370 1697 458 1762 tem
499 1678 570 1790 qui
609 1679 675 1764 sua
712 1680 850 1797 sponte
891 1680 934 1766 in
981 1676 1090 1765 reda
1120 1682 1192 1768 resi

371 1795 490 1912 gione
520 1800 840 1913 permanserant,
870 1805 911 1887 8<
930 1798 1023 1888 Sedi
1039 1799 1192 1915 Aposto

369 1916 453 2002 lica
491 1919 614 2007 amici
653 1937 808 2032 erant',
846 1921 987 2009 officiis
1027 1919 1105 2006 suis
1136 1920 1192 2008 ali

1084 2069 1192 2150 quan

367 2225 391 2263 „
411 2196 520 2248 nomine
545 2200 577 2251 ees
600 2197 803 2253 emanandum
827 2194 852 2249 de
875 2191 1098 2266 complessendum
1120 2200 1192 2253 addu

364 2303 389 2339 2,
407 2288 453 2325 cor
473 2306 517 2338 ‚‚.
540 2278 575 2327 Ee
593 2276 678 2328 esibi:
700 2310 723 2344 „
743 2276 821 2328 Nihil
845 2274 906 2341 ess,
925 2276 994 2346 quod
1020 2290 1094 2342 agam
1118 2274 1192 2328 siben

363 2382 389 2419 ‚,
408 2351 484 2417 tius,
504 2370 582 2423 quern
596 2366 624 2406 ut
637 2354 753 2421 opituser
766 2358 853 2424 quoad
867 2354 966 2424 possum
979 2351 1063 2405 dokiie
1081 2352 1146 2405 viris
1155 2386 1167 2418 ,
1182 2353 1192 2403 s

340 2481 347 2496 ,
363 2458 388 2498 „
407 2446 498 2483 eorum
518 2433 621 2485 enimoe
634 2432 673 2485 ira
685 2433 822 2486 sussenrem
833 2466 844 2500 ,
857 2446 886 2487 ut
901 2450 933 2485 ne
945 2450 993 2484 eoe
1006 2432 1115 2484 studium
1130 2434 1192 2485 struo

362 2537 388 2577 2,
409 2508 437 2561 in
449 2509 559 2577 oprimis
571 2512 671 2565 ertibue
692 2513 797 2583 posuisse
816 2512 931 2585 unquam
953 2510 1103 2579 poeniteat.
1125 2514 1192 2577 Quor

361 2615 387 2654 2,
408 2587 502 2640 fimeee
514 2587 573 2644 huie
592 2591 725 2646 voluntati
744 2594 851 2645 fortune
871 2590 1009 2658 benignius
1027 2591 1088 2640 esset
1111 2588 1190 2641 suffra

361 2695 387 2732 ‚,
407 2678 490 2735 gera,
509 2684 587 2723 nemo
598 2675 640 2722 m'e
652 2671 798 2743 (opinor)
812 2671 889 2723 issem
906 2671 948 2722 ves
961 2669 1062 2720 saudem
1073 2701 1083 2733 ‚
1096 2670 1139 2719 ves
1153 2682 1189 2719 vo

360 2773 387 2810 2,
408 2747 538 2813 suptetem
551 2747 614 2801 bene
627 2749 658 2800 de
670 2749 749 2803 bonie
761 2748 948 2818 promerendi,
970 2746 1103 2799 ssudiofins
1122 2762 1192 2812 eppe*

359 2851 384 2890 2²
405 2824 506 2882 tiisset.
527 2829 604 2878 Nune
623 2827 651 2878 in
663 2826 711 2879 hoe
724 2846 787 2879 men
799 2829 862 2880 vita
877 2826 967 2890 flatu,
987 2826 1030 2894 qui
1044 2825 1091 2875 etsi
1106 2824 1192 2876 mustir

358 2930 383 2967 2,
403 2903 519 2956 externis
538 2905 613 2957 rebus
624 2904 767 2971 deficitur,
787 2923 830 2958 ear
843 2916 932 2958 temen
947 2903 1023 2954 habet
1038 2903 1127 2953 iustae
1139 2903 1192 2951 ans.

358 3007 383 3046 ῃ
404 2980 441 3033 mi
461 2976 661 3049 jucunditates,
681 2996 712 3037 ut
731 3001 789 3036 mea
802 2984 918 3035 menime
938 2985 1044 3034 sortuna
1059 2991 1192 3031 comentur

356 3088 382 3126 ‚,
402 3057 518 3130 nivem3
539 3060 670 3115 interdum
689 3073 779 3116 temen
797 3063 862 3116 issud
881 3078 922 3112 me
935 3061 1032 3128 angit,
1053 3058 1122 3128 quod
1144 3073 1192 3109 not

355 3163 381 3204 2,
402 3138 525 3205 possum,
544 3141 761 3210 quemadmodum
782 3140 886 3213 quidem
905 3154 1024 3208 cuperem
1046 3168 1058 3203 ,
1078 3134 1154 3188 bonis
1174 3133 1192 3185 d

355 3243 380 3284 ,‚
400 3214 483 3269 dussis
500 3218 624 3273 omnibus
647 3220 759 3287 prodesse
784 3252 826 3288 ,μ

398 3289 415 3323 “
454 3299 610 3368 Grauissima
630 3299 743 3353 doluit·
768 3309 781 3373 ]
805 3299 834 3351 sd
852 3297 915 3352 serie
938 3297 1063 3366 superque
1088 3291 1192 3346 ossendir

357 3370 441 3441 Epist.
465 3391 510 3427 ro.
524 3376 573 3430 sib.
595 3379 715 3431 xr.date
734 3379 765 3430 ed
785 3375 947 3431 Gusiesmum
967 3374 1084 3426 Bavariae
1098 3376 1192 3424 Ducem

357 3464 407 3503 vr.
423 3453 481 3505 sdue
494 3455 563 3507 Meis
587 3457 769 3527 mendaque
789 3475 796 3510 ι
817 3488 839 3526 ‚,
859 3454 1071 3524 Ego(inquit)
1092 3451 1137 3520 qui
1161 3450 1192 3503 os

357 3557 382 3595 3,
402 3534 550 3603 propinque
569 3536 683 3602 pericula
702 3568 714 3602 ,
733 3554 789 3607 que
809 3534 904 3587 inssant
923 3531 1026 3584 nomini
1047 3528 1192 3583 Christiane

357 3637 382 3673 ῃ
402 3624 479 3679 etque
492 3614 633 3667 imminent
646 3614 701 3666 dien
713 3613 847 3685 nodiesque
869 3611 959 3665 assidue
975 3609 1128 3671 sollicitor,
1149 3623 1192 3659 ner

357 3716 382 3754 n
402 3690 483 3746 ussum
496 3703 598 3764 petrem
616 3693 693 3766 cepio
709 3693 830 3767 quierit,
849 3686 1070 3750 vehementissime
1087 3684 1192 3755 quidem

1073 3795 1098 3835 a>
1116 3773 1192 3835 ⁰2¹⁸!
