2542 4350
309 489 426 582 nxxii
485 497 677 608 Jncoan
718 493 992 579 Snnonnnn

307 608 541 723 amplissimi
573 616 610 697 8<
632 608 893 723 potentissimi
914 608 992 695 viri
1013 610 1148 700 simul·

263 836 267 841 Π
309 749 438 813 tatem
481 726 594 843 (qni
637 757 684 812 eo
722 750 903 842 tempore
946 730 1146 842 legatus,
1180 834 1183 849 Ι

309 847 564 937 Avenionem
584 910 598 956 ,
629 849 668 935 8<
688 845 859 933 finitima
879 847 953 952 illi,
971 850 1067 934 urbi
1084 879 1150 966 op·

308 964 435 1081 pida,
466 995 555 1078 qun
582 968 622 1050 in
653 965 727 1051 side
745 966 924 1052 Ecclefiae
953 970 1148 1054 Romanu
1183 968 1186 975 ’

307 1082 434 1192 sunt,
467 1085 627 1199 regebat
647 1095 666 1197 )
683 1085 805 1170 homo
829 1085 869 1170 in
890 1084 1050 1194 injuriis
1068 1119 1148 1204 per·

310 1199 481 1290 ferendis
512 1233 598 1317 quae
625 1204 695 1321 ipsu
722 1199 895 1318 fierent,
925 1205 1148 1292 incredibili
1182 1304 1184 1311 ,

1100 1328 1148 1412 le·

308 1485 473 1542 nominatim
494 1490 525 1541 de
553 1487 700 1556 Theologia
726 1486 793 1540 nibil
815 1486 963 1556 seripfisse,
984 1491 1057 1559 quod
1076 1482 1106 1543 ¹ea
1123 1489 1149 1542 in

309 1565 483 1634 Philosophia
506 1570 612 1619 nomine
634 1568 824 1629 contineatur3
842 1569 962 1639 quodque
981 1569 1010 1619 in
1030 1585 1065 1619 eo
1084 1569 1147 1620 siben

310 1651 415 1696 tautum
430 1646 571 1698 tradidisset
583 1662 638 1714 quae
660 1646 691 1696 ad
710 1644 913 1698 adolescentiam
942 1640 1104 1715 pertinent,
1123 1646 1148 1698 in

311 1721 442 1785 Hortensio
455 1724 485 1774 de
496 1721 662 1790 Philosophia
679 1719 807 1786 assutus,
825 1738 932 1793 eantque
946 1725 975 1775 in
988 1706 1049 1776 suaa
1066 1737 1149 1792 panea

310 1801 616 1865 onneadisltibuturua‚
637 1799 721 1852 veluti
739 1800 769 1849 de
791 1815 841 1868 qua
862 1801 983 1870 proprlua
999 1801 1043 1852 ibi
1066 1804 1148 1854 seman

310 1877 347 1928 esi
362 1877 554 1945 instituendus,
573 1875 713 1947 &quidem
727 1877 867 1944 precipuae
879 1879 908 1931 in
920 1879 1082 1947 Theologic
1096 1881 1149 1932 ltu·

311 1954 441 2020 datione,
461 1975 538 2026 quaen
560 1969 695 2024 propterea
714 1954 742 2005 iu
753 1954 822 2006 libro
833 1956 881 2007 illo
905 1956 1018 2009 delibari
1039 1957 1151 2012 minine

310 2032 441 2100 decebat,
463 2047 490 2084 ut
505 2032 641 2092 iucundior
654 2035 746 2096 soret,
766 2031 783 2081 si
803 2033 888 2100 poslaa
902 2034 931 2085 iu
954 2035 1110 2092 Hortensio¹
1121 2036 1151 2087 de

310 2111 462 2161 divinarum
485 2126 571 2162 rerum
597 2110 688 2161 studiia
708 2110 811 2177 integra
837 2127 867 2162 ae
889 2112 1007 2164 numeria
1027 2113 1153 2165 onnibna

311 2187 430 2240 obsoluta
449 2186 572 2241 trassatio
583 2218 595 2251 ,
618 2204 686 2248 nona
710 2188 812 2255 peorsna
832 2191 969 2257 adpareret
989 2223 1000 2242 .
1021 2193 1062 2243 At
1076 2193 1154 2245 l’osua

310 2263 353 2317 loia
368 2267 521 2317 Senonum
545 2266 692 2317 rationibua
715 2265 826 2318 minime
844 2268 998 2336 quiesceua,
1018 2265 1154 2321 instare&

313 2358 407 2409 urgete
429 2341 568 2409 pertexit,
588 2343 734 2395 arbitratus
759 2344 835 2395 ilsuan
854 2344 944 2396 iisdem
964 2344 1030 2395 non'
1044 2347 1111 2399 satia
1131 2344 1155 2396 sa

309 2420 427 2489 purgasse
451 2422 482 2471 de
499 2436 529 2471 ea
553 2416 677 2483 iniuria,
698 2436 750 2490 qua
759 2421 791 2471 ab
800 2436 835 2487 eo.
846 2420 1020 2488 Theologiana
1032 2421 1156 2476 affeelau

310 2498 385 2551 fuisse
400 2499 556 2568 querebatur
571 2532 580 2550 .
601 2501 689 2561 Quare
702 2501 877 2550 Saooaenua
900 2499 927 2549 in
940 2498 1002 2550 aliia
1022 2502 1057 2551 ad
1072 2501 1157 2568 ipsunt

311 2578 383 2630 datia
396 2579 480 2631 litetia
494 2577 563 2644 prid.
578 2578 638 2628 ldua
655 2575 722 2638 Julii
746 2592 790 2627 an.
806 2593 837 2639 ¹5
843 2595 891 2641 33.
905 2575 954 2627 lib.
966 2592 1051 2629 vna.
1070 2596 1114 2646 ep.
1128 2596 1155 2640 ς.

311 2657 458 2725 pollicetur
482 2658 505 2707 se
530 2670 635 2723 operam
658 2656 806 2719 daturum,
825 2667 855 2707 ut
879 2654 963 2705 eidem
983 2654 1012 2705 in
1024 2671 1059 2705 eo
1077 2667 1156 2724 argu·

312 2750 407 2789 mento
427 2734 510 2801 magia
530 2731 672 2785 satisfaciat
692 2764 702 2782 .
725 2732 755 2783 ld
775 2742 864 2784 tamen
891 2748 945 2783 non
966 2731 1089 2799 praestitit
1109 2732 1156 2784 nis

311 2830 359 2866 an.
383 2830 467 2877 ¹534·
479 2811 607 2862 desinente
618 2842 631 2875 ,
651 2826 733 2880 quum
756 2808 834 2860 novis
854 2810 886 2861 ad
898 2827 957 2861 eum
976 2809 1065 2862 literia
1085 2811 1155 2864 datia

310 2906 359 2943 xv.
373 2895 432 2944 Cal.
446 2886 555 2940 Oslobr.
567 2903 611 2938 un.
625 2904 709 2952 ¹534·
724 2887 807 2954 ipsum
821 2888 899 2945 Posua
918 2888 1106 2955 provocasset,
1125 2888 1155 2941 in

310 2969 406 3039 quibua
428 2968 561 3036 poslquam
586 2982 677 3017 earum
700 2965 891 3025 scribendarum
922 2964 1085 3016 occasionem
1108 2966 1154 3017 de-

310 3046 394 3109 disse,
408 3062 485 3115 quam
505 3043 602 3109 legerat
626 3043 801 3115 adyLaaaruan
816 3042 985 3095 Bonamicutn
1009 3041 1041 3092 ab
1054 3059 1089 3093 eo
1106 3045 1155 3094 da·

310 3133 367 3179 sam
387 3123 543 3190 Epinoion,
554 3121 631 3172 Polus
644 3118 823 3187 fignifioasset,
843 3119 1026 3189 addidissetque
1044 3121 1155 3186 causae,

311 3202 349 3253 ob
361 3217 424 3271 quae
444 3198 544 3251 tamdiu
562 3197 713 3262 scriptionis
735 3196 852 3250 officium
866 3196 1087 3267 praeuenisset,
1110 3215 1154 3251 ro·

310 3292 358 3349 gat
370 3278 489 3329 eumdem
503 3278 690 3326 senonen-una
701 3287 751 3342 ,ut
765 3280 893 3329 Lazarum
903 3291 1071 3327 communem
1084 3275 1158 3330 aeni·

312 3374 372 3410 eum
395 3357 424 3406 ad
438 3350 588 3418 Theologiae
610 3352 690 3404 sludia
711 3352 860 3419 capessenda
873 3353 977 3406 suadete
997 3351 1156 3423 hortarique

309 3434 406 3489 uelit.
430 3435 604 3485 Sonoenrua
634 3428 721 3483 statim
739 3431 807 3482 Polo
827 3430 960 3499 respondit
978 3460 990 3495 ,
1011 3441 1094 3499 atque
1116 3431 1157 3485 ita

313 3514 413 3565 eausam
436 3510 506 3561 suana
528 3506 606 3572 egit,
628 3519 658 3560 ut
679 3507 765 3561 nerbia
778 3519 963 3580 ‘tantumno
982 3522 1032 3570 re,
1053 3523 1069 3558 a
1093 3508 1154 3562 Posi

314 3587 443 3643 sententie
455 3585 596 3649 discrepare
608 3585 749 3640 videatur.
771 3586 905 3656 Siquidem
918 3586 1046 3635 sacrarum
1062 3600 1157 3639 rerum

316 3666 427 3731 nulium
439 3662 464 3720 se
475 3660 641 3732 disciplinatu
655 3664 731 3725 tebua
742 3664 836 3721 cetetia
856 3659 1065 3733 anteponendam
1082 3664 1158 3715 sate.

1086 3751 1137 3794 tur
1146 3760 1158 3813 ᾗ
