<?xml version="1.0" encoding="UTF-8"?>
<!DOCTYPE html PUBLIC "-//W3C//DTD XHTML 1.0 Transitional//EN"
    "http://www.w3.org/TR/xhtml1/DTD/xhtml1-transitional.dtd">
<html xmlns="http://www.w3.org/1999/xhtml" xml:lang="en" lang="en">
 <head>
  <title>
</title>
<meta http-equiv="Content-Type" content="text/html;charset=utf-8" />
  <meta name='ocr-system' content='tesseract 3.04.00' />
  <meta name='ocr-capabilities' content='ocr_page ocr_carea ocr_par ocr_line ocrx_word'/>
</head>
<body>
  <div class='ocr_page' id='page_1' title='image "./jacobisadoletie00florgoog_0080.png"; bbox 0 0 2542 4350; ppageno 0'>
   <div class='ocr_carea' id='block_1_1' title="bbox 127 508 1059 2171">
    <p class='ocr_par' dir='ltr' id='par_1_1' title="bbox 127 508 981 2054">
     <span class='ocr_line' id='line_1_1' title="bbox 432 508 970 600; baseline -0.009 -1"><span class='ocrx_word' id='word_1_1' title='bbox 432 515 474 600; x_wconf 86' lang='lat' dir='ltr'>V</span> <span class='ocrx_word' id='word_1_2' title='bbox 505 533 522 598; x_wconf 86' lang='lat'>1</span> <span class='ocrx_word' id='word_1_3' title='bbox 553 539 585 597; x_wconf 79' lang='lat' dir='ltr'>r·</span> <span class='ocrx_word' id='word_1_4' title='bbox 614 512 672 598; x_wconf 70' lang='lat' dir='ltr'>i:</span> <span class='ocrx_word' id='word_1_5' title='bbox 895 508 970 595; x_wconf 73' lang='lat' dir='ltr'>aiii</span> 
     </span>
     <span class='ocr_line' id='line_1_2' title="bbox 130 623 971 748; baseline -0.006 -32"><span class='ocrx_word' id='word_1_6' title='bbox 130 630 295 718; x_wconf 73' lang='lat' dir='ltr'>iliotern</span> <span class='ocrx_word' id='word_1_7' title='bbox 312 630 473 748; x_wconf 87' lang='lat' dir='ltr'>gerendi</span> <span class='ocrx_word' id='word_1_8' title='bbox 500 631 649 720; x_wconf 86' lang='lat' dir='ltr'>summi</span> <span class='ocrx_word' id='word_1_9' title='bbox 676 623 971 748; x_wconf 57' lang='lat' dir='ltr'>Pontificatus*</span> 
     </span>
     <span class='ocr_line' id='line_1_3' title="bbox 132 748 981 864; baseline -0.004 -29"><span class='ocrx_word' id='word_1_10' title='bbox 132 753 332 838; x_wconf 83' lang='lat' dir='ltr'>rationem</span> <span class='ocrx_word' id='word_1_11' title='bbox 371 752 607 837; x_wconf 84' lang='lat' dir='ltr'>instituere.</span> <span class='ocrx_word' id='word_1_12' title='bbox 657 750 757 862; x_wconf 83' lang='lat' dir='ltr'>Ejus</span> <span class='ocrx_word' id='word_1_13' title='bbox 787 748 845 836; x_wconf 87' lang='lat' dir='ltr'>rei</span> <span class='ocrx_word' id='word_1_14' title='bbox 880 776 981 864; x_wconf 53' lang='lat' dir='ltr'>pers</span> 
     </span>
     <span class='ocr_line' id='line_1_4' title="bbox 129 865 975 985; baseline -0.004 -30"><span class='ocrx_word' id='word_1_15' title='bbox 129 870 300 957; x_wconf 82' lang='lat' dir='ltr'>ficieudae</span> <span class='ocrx_word' id='word_1_16' title='bbox 335 865 503 958; x_wconf 73' lang='lat' dir='ltr'>causati</span> <span class='ocrx_word' id='word_1_17' title='bbox 534 870 762 985; x_wconf 84' lang='lat' dir='ltr'><strong>longinquis</strong></span> <span class='ocrx_word' id='word_1_18' title='bbox 795 867 889 955; x_wconf 88' lang='lat' dir='ltr'>locis</span> <span class='ocrx_word' id='word_1_19' title='bbox 906 896 975 960; x_wconf 75' lang='lat' dir='ltr'>ac·¹</span> 
     </span>
     <span class='ocr_line' id='line_1_5' title="bbox 127 985 977 1102; baseline 0.005 -28"><span class='ocrx_word' id='word_1_20' title='bbox 127 991 326 1100; x_wconf 80' lang='lat' dir='ltr'>cersrvit,</span> <span class='ocrx_word' id='word_1_21' title='bbox 367 1019 467 1102; x_wconf 81' lang='lat' dir='ltr'>quoa</span> <span class='ocrx_word' id='word_1_22' title='bbox 495 987 683 1077; x_wconf 74' lang='lat' dir='ltr'>dodlrinae</span> <span class='ocrx_word' id='word_1_23' title='bbox 712 1050 726 1099; x_wconf 89' lang='lat'>,</span> <span class='ocrx_word' id='word_1_24' title='bbox 764 985 977 1098; x_wconf 82' lang='lat' dir='ltr'>integrita·.</span> 
     </span>
     <span class='ocr_line' id='line_1_6' title="bbox 128 1103 975 1224; baseline -0.005 -32"><span class='ocrx_word' id='word_1_25' title='bbox 128 1110 212 1218; x_wconf 82' lang='lat' dir='ltr'>tis,</span> <span class='ocrx_word' id='word_1_26' title='bbox 243 1116 282 1196; x_wconf 74' lang='grc' dir='ltr'>δε</span> <span class='ocrx_word' id='word_1_27' title='bbox 313 1108 531 1224; x_wconf 86' lang='lat' dir='ltr'>prudentiae</span> <span class='ocrx_word' id='word_1_28' title='bbox 562 1109 790 1198; x_wconf 84' lang='lat' dir='ltr'>maximam</span> <span class='ocrx_word' id='word_1_29' title='bbox 819 1103 975 1224; x_wconf 87' lang='lat' dir='ltr'>opinio·</span> 
     </span>
     <span class='ocr_line' id='line_1_7' title="bbox 128 1226 975 1346; baseline -0.005 -32"><span class='ocrx_word' id='word_1_30' title='bbox 128 1256 225 1314; x_wconf 87' lang='lat' dir='ltr'>nem</span> <span class='ocrx_word' id='word_1_31' title='bbox 255 1229 402 1314; x_wconf 84' lang='lat' dir='ltr'>habere</span> <span class='ocrx_word' id='word_1_32' title='bbox 437 1226 690 1346; x_wconf 83' lang='lat' dir='ltr'>intelligebat</span> <span class='ocrx_word' id='word_1_33' title='bbox 728 1257 743 1338; x_wconf 91' lang='lat'>;</span> <span class='ocrx_word' id='word_1_34' title='bbox 791 1247 837 1312; x_wconf 90' lang='lat' dir='ltr'>ut</span> <span class='ocrx_word' id='word_1_35' title='bbox 875 1251 975 1310; x_wconf 88' lang='lat' dir='ltr'>cum</span> 
     </span>
     <span class='ocr_line' id='line_1_8' title="bbox 129 1341 979 1462; baseline -0.004 -32"><span class='ocrx_word' id='word_1_36' title='bbox 129 1346 184 1431; x_wconf 84' lang='lat' dir='ltr'>eis</span> <span class='ocrx_word' id='word_1_37' title='bbox 211 1410 225 1455; x_wconf 82' lang='lat'>,</span> <span class='ocrx_word' id='word_1_38' title='bbox 255 1376 429 1459; x_wconf 84' lang='lat' dir='ltr'>cumque</span> <span class='ocrx_word' id='word_1_39' title='bbox 461 1350 546 1435; x_wconf 80' lang='lat' dir='ltr'>aliis</span> <span class='ocrx_word' id='word_1_40' title='bbox 586 1341 777 1462; x_wconf 75' lang='lat' dir='ltr'>praterea</span> <span class='ocrx_word' id='word_1_41' title='bbox 814 1341 979 1458; x_wconf 84' lang='lat' dir='ltr'>quibus·</span> 
     </span>
     <span class='ocr_line' id='line_1_9' title="bbox 131 1459 975 1583; baseline -0.001 -35"><span class='ocrx_word' id='word_1_42' title='bbox 131 1465 258 1576; x_wconf 81' lang='lat' dir='ltr'>dam,</span> <span class='ocrx_word' id='word_1_43' title='bbox 290 1496 391 1578; x_wconf 79' lang='lat' dir='ltr'>quos</span> <span class='ocrx_word' id='word_1_44' title='bbox 406 1495 458 1552; x_wconf 78' lang='lat' dir='ltr'>ert</span> <span class='ocrx_word' id='word_1_45' title='bbox 477 1469 717 1583; x_wconf 74' lang='lat' dir='ltr'>amplissimo</span> <span class='ocrx_word' id='word_1_46' title='bbox 748 1463 889 1553; x_wconf 88' lang='lat' dir='ltr'>ordine</span> <span class='ocrx_word' id='word_1_47' title='bbox 905 1459 975 1548; x_wconf 79' lang='lat' dir='ltr'>ad·</span> 
     </span>
     <span class='ocr_line' id='line_1_10' title="bbox 130 1586 979 1695; baseline 0.001 -27"><span class='ocrx_word' id='word_1_48' title='bbox 130 1586 332 1671; x_wconf 78' lang='lat' dir='ltr'>hibiturus</span> <span class='ocrx_word' id='word_1_49' title='bbox 354 1609 439 1671; x_wconf 87' lang='lat' dir='ltr'>erat</span> <span class='ocrx_word' id='word_1_50' title='bbox 458 1648 472 1695; x_wconf 90' lang='lat'>‚</span> <span class='ocrx_word' id='word_1_51' title='bbox 504 1611 711 1675; x_wconf 87' lang='lat' dir='ltr'>tantarum</span> <span class='ocrx_word' id='word_1_52' title='bbox 728 1613 863 1672; x_wconf 87' lang='lat' dir='ltr'>rerum</span> <span class='ocrx_word' id='word_1_53' title='bbox 880 1598 979 1670; x_wconf 53' lang='lat' dir='ltr'>coni</span> 
     </span>
     <span class='ocr_line' id='line_1_11' title="bbox 131 1700 980 1813; baseline -0.002 -25"><span class='ocrx_word' id='word_1_54' title='bbox 131 1703 216 1788; x_wconf 79' lang='lat' dir='ltr'>filia</span> <span class='ocrx_word' id='word_1_55' title='bbox 250 1704 566 1789; x_wconf 83' lang='lat' dir='ltr'>communicaret</span> <span class='ocrx_word' id='word_1_56' title='bbox 594 1735 607 1813; x_wconf 84' lang='lat'><em>3</em></span> <span class='ocrx_word' id='word_1_57' title='bbox 647 1731 869 1813; x_wconf 86' lang='lat' dir='ltr'>eorumque</span> <span class='ocrx_word' id='word_1_58' title='bbox 905 1700 980 1786; x_wconf 82' lang='lat' dir='ltr'>ad·</span> 
     </span>
     <span class='ocr_line' id='line_1_12' title="bbox 131 1817 972 1934; baseline 0.004 -29"><span class='ocrx_word' id='word_1_59' title='bbox 131 1817 295 1905; x_wconf 89' lang='lat' dir='ltr'>monitu</span> <span class='ocrx_word' id='word_1_60' title='bbox 324 1844 403 1926; x_wconf 87' lang='lat' dir='ltr'>ea,</span> <span class='ocrx_word' id='word_1_61' title='bbox 434 1846 522 1928; x_wconf 78' lang='lat' dir='ltr'>quar</span> <span class='ocrx_word' id='word_1_62' title='bbox 553 1839 623 1905; x_wconf 84' lang='lat' dir='ltr'>aut</span> <span class='ocrx_word' id='word_1_63' title='bbox 657 1817 882 1934; x_wconf 83' lang='lat' dir='ltr'>abrogando</span> <span class='ocrx_word' id='word_1_64' title='bbox 912 1819 972 1908; x_wconf 83' lang='lat' dir='ltr'>ei·</span> 
     </span>
     <span class='ocr_line' id='line_1_13' title="bbox 132 1931 975 2054; baseline 0.001 -31"><span class='ocrx_word' id='word_1_65' title='bbox 132 1937 244 2050; x_wconf 86' lang='lat' dir='ltr'>sent,</span> <span class='ocrx_word' id='word_1_66' title='bbox 263 1958 335 2024; x_wconf 88' lang='lat' dir='ltr'>aut</span> <span class='ocrx_word' id='word_1_67' title='bbox 353 1934 591 2050; x_wconf 84' lang='lat' dir='ltr'>sancienda,</span> <span class='ocrx_word' id='word_1_68' title='bbox 622 1931 669 1976; x_wconf 66' lang='lat'>’⁰‘</span> <span class='ocrx_word' id='word_1_69' title='bbox 691 1936 975 2054; x_wconf 85' lang='lat' dir='ltr'>cognosceret.</span> 
     </span>
    </p>

    <p class='ocr_par' dir='ltr' id='par_1_2' title="bbox 593 2058 1059 2171">
     <span class='ocr_line' id='line_1_14' title="bbox 593 2058 1059 2171; baseline 0.002 -27"><span class='ocrx_word' id='word_1_70' title='bbox 593 2087 615 2144; x_wconf 88' lang='lat' dir='ltr'>c</span> <span class='ocrx_word' id='word_1_71' title='bbox 650 2087 675 2171; x_wconf 74' lang='lat'>3</span> <span class='ocrx_word' id='word_1_72' title='bbox 913 2058 979 2147; x_wconf 86' lang='lat' dir='ltr'>Hi</span> <span class='ocrx_word' id='word_1_73' title='bbox 1056 2066 1059 2073; x_wconf 89' lang='grc'>’</span> 
     </span>
    </p>
   </div>
   <div class='ocr_carea' id='block_1_2' title="bbox 134 2201 1058 3832">
    <p class='ocr_par' dir='ltr' id='par_1_3' title="bbox 134 2201 1058 3289">
     <span class='ocr_line' id='line_1_15' title="bbox 179 2201 981 2276; baseline -0.001 -13"><span class='ocrx_word' id='word_1_74' title='bbox 179 2205 196 2237; x_wconf 76' lang='grc'><strong><em>’</em></strong></span> <span class='ocrx_word' id='word_1_75' title='bbox 238 2210 376 2262; x_wconf 78' lang='lat' dir='ltr'>Rationem</span> <span class='ocrx_word' id='word_1_76' title='bbox 398 2204 572 2276; x_wconf 66' lang='lat' dir='ltr'>inlitam]</span> <span class='ocrx_word' id='word_1_77' title='bbox 594 2201 848 2257; x_wconf 76' lang='lat' dir='ltr'>Hinccl.tlutonint</span> <span class='ocrx_word' id='word_1_78' title='bbox 868 2207 981 2276; x_wconf 77' lang='lat' dir='ltr'>Pagiin</span> 
     </span>
     <span class='ocr_line' id='line_1_16' title="bbox 140 2285 981 2353; baseline 0.001 -15"><span class='ocrx_word' id='word_1_79' title='bbox 140 2290 225 2338; x_wconf 80' lang='lat' dir='ltr'>Brev.</span> <span class='ocrx_word' id='word_1_80' title='bbox 239 2286 332 2353; x_wconf 83' lang='lat' dir='ltr'>gestor.</span> <span class='ocrx_word' id='word_1_81' title='bbox 342 2285 444 2340; x_wconf 78' lang='lat' dir='ltr'>Pontis.</span> <span class='ocrx_word' id='word_1_82' title='bbox 458 2289 639 2337; x_wconf 84' lang='lat' dir='ltr'>Romanorum</span> <span class='ocrx_word' id='word_1_83' title='bbox 653 2292 721 2336; x_wconf 83' lang='lat' dir='ltr'>tom.</span> <span class='ocrx_word' id='word_1_84' title='bbox 739 2297 787 2335; x_wconf 82' lang='lat' dir='ltr'>vr.</span> <span class='ocrx_word' id='word_1_85' title='bbox 800 2298 860 2350; x_wconf 81' lang='lat' dir='ltr'>pag.</span> <span class='ocrx_word' id='word_1_86' title='bbox 873 2300 899 2347; x_wconf 74' lang='grc' dir='ltr'>ς.</span> <span class='ocrx_word' id='word_1_87' title='bbox 908 2286 981 2343; x_wconf 78' lang='lat' dir='ltr'>edit.</span> 
     </span>
     <span class='ocr_line' id='line_1_17' title="bbox 136 2357 976 2432; baseline -0.001 -17"><span class='ocrx_word' id='word_1_88' title='bbox 136 2366 234 2417; x_wconf 81' lang='lat' dir='ltr'>Vener.</span> <span class='ocrx_word' id='word_1_89' title='bbox 256 2394 280 2429; x_wconf 87' lang='lat'><strong>„</strong></span> <span class='ocrx_word' id='word_1_90' title='bbox 300 2366 394 2416; x_wconf 82' lang='lat' dir='ltr'>Paulos</span> <span class='ocrx_word' id='word_1_91' title='bbox 412 2396 424 2430; x_wconf 86' lang='lat'>,</span> <span class='ocrx_word' id='word_1_92' title='bbox 445 2362 532 2432; x_wconf 83' lang='lat' dir='ltr'>inquit</span> <span class='ocrx_word' id='word_1_93' title='bbox 543 2394 555 2428; x_wconf 86' lang='lat'>,</span> <span class='ocrx_word' id='word_1_94' title='bbox 575 2359 662 2412; x_wconf 88' lang='lat' dir='ltr'>llatitn</span> <span class='ocrx_word' id='word_1_95' title='bbox 680 2377 712 2410; x_wconf 87' lang='lat' dir='ltr'>ac</span> <span class='ocrx_word' id='word_1_96' title='bbox 731 2357 856 2411; x_wconf 79' lang='lat' dir='ltr'>Pontifex</span> <span class='ocrx_word' id='word_1_97' title='bbox 873 2357 976 2418; x_wconf 83' lang='lat' dir='ltr'>renuu-</span> 
     </span>
     <span class='ocr_line' id='line_1_18' title="bbox 137 2436 980 2509; baseline 0.005 -17"><span class='ocrx_word' id='word_1_98' title='bbox 137 2473 161 2508; x_wconf 89' lang='lat'>„</span> <span class='ocrx_word' id='word_1_99' title='bbox 182 2441 292 2509; x_wconf 79' lang='lat' dir='ltr'>clatus,</span> <span class='ocrx_word' id='word_1_100' title='bbox 312 2458 366 2493; x_wconf 86' lang='lat' dir='ltr'>non</span> <span class='ocrx_word' id='word_1_101' title='bbox 389 2437 534 2509; x_wconf 72' lang='lat' dir='ltr'>expellatis</span> <span class='ocrx_word' id='word_1_102' title='bbox 556 2436 714 2490; x_wconf 79' lang='lat' dir='ltr'>solemnibus</span> <span class='ocrx_word' id='word_1_103' title='bbox 740 2437 921 2492; x_wconf 68' lang='lat' dir='ltr'>coronationis</span> <span class='ocrx_word' id='word_1_104' title='bbox 941 2440 980 2497; x_wconf 79' lang='lat' dir='ltr'>in</span> 
     </span>
     <span class='ocr_line' id='line_1_19' title="bbox 135 2514 978 2589; baseline 0.004 -21"><span class='ocrx_word' id='word_1_105' title='bbox 135 2550 159 2587; x_wconf 83' lang='lat'>,‚</span> <span class='ocrx_word' id='word_1_106' title='bbox 181 2517 266 2586; x_wconf 85' lang='lat' dir='ltr'>prima</span> <span class='ocrx_word' id='word_1_107' title='bbox 283 2520 399 2587; x_wconf 86' lang='lat' dir='ltr'>generali</span> <span class='ocrx_word' id='word_1_108' title='bbox 420 2516 648 2585; x_wconf 76' lang='lat' dir='ltr'>congregatione,</span> <span class='ocrx_word' id='word_1_109' title='bbox 668 2530 721 2565; x_wconf 93' lang='lat' dir='ltr'>non</span> <span class='ocrx_word' id='word_1_110' title='bbox 733 2514 776 2566; x_wconf 88' lang='lat' dir='ltr'>die</span> <span class='ocrx_word' id='word_1_111' title='bbox 791 2519 978 2589; x_wconf 55' lang='lat' dir='ltr'>removeor-5</span> 
     </span>
     <span class='ocr_line' id='line_1_20' title="bbox 134 2591 979 2667; baseline 0.007 -23"><span class='ocrx_word' id='word_1_112' title='bbox 134 2628 159 2667; x_wconf 67' lang='lat'>2,</span> <span class='ocrx_word' id='word_1_113' title='bbox 180 2596 258 2660; x_wconf 81' lang='lat' dir='ltr'>bria,</span> <span class='ocrx_word' id='word_1_114' title='bbox 277 2608 307 2649; x_wconf 92' lang='lat' dir='ltr'>ut</span> <span class='ocrx_word' id='word_1_115' title='bbox 325 2596 415 2648; x_wconf 84' lang='lat' dir='ltr'>scribit</span> <span class='ocrx_word' id='word_1_116' title='bbox 439 2595 520 2649; x_wconf 83' lang='lat' dir='ltr'>card.</span> <span class='ocrx_word' id='word_1_117' title='bbox 542 2591 719 2646; x_wconf 65' lang='lat' dir='ltr'>pallavicinus</span> <span class='ocrx_word' id='word_1_118' title='bbox 737 2591 766 2645; x_wconf 86' lang='lat' dir='ltr'>iu</span> <span class='ocrx_word' id='word_1_119' title='bbox 778 2592 848 2643; x_wconf 74' lang='lat' dir='ltr'>nist.</span> <span class='ocrx_word' id='word_1_120' title='bbox 860 2595 979 2650; x_wconf 59' lang='lat' dir='ltr'>concile</span> 
     </span>
     <span class='ocr_line' id='line_1_21' title="bbox 135 2669 979 2743; baseline 0.001 -16"><span class='ocrx_word' id='word_1_121' title='bbox 135 2705 160 2743; x_wconf 89' lang='lat'>,‚</span> <span class='ocrx_word' id='word_1_122' title='bbox 179 2673 304 2727; x_wconf 84' lang='lat' dir='ltr'>Trident.</span> <span class='ocrx_word' id='word_1_123' title='bbox 316 2670 341 2722; x_wconf 77' lang='lat' dir='ltr'>dt</span> <span class='ocrx_word' id='word_1_124' title='bbox 354 2674 409 2741; x_wconf 84' lang='lat' dir='ltr'>post</span> <span class='ocrx_word' id='word_1_125' title='bbox 423 2672 505 2742; x_wconf 79' lang='lat' dir='ltr'>ipsum</span> <span class='ocrx_word' id='word_1_126' title='bbox 517 2671 632 2736; x_wconf 80' lang='lat' dir='ltr'>Jocnnea</span> <span class='ocrx_word' id='word_1_127' title='bbox 642 2669 778 2736; x_wconf 76' lang='lat' dir='ltr'>Palatina,</span> <span class='ocrx_word' id='word_1_128' title='bbox 798 2670 841 2722; x_wconf 86' lang='lat' dir='ltr'>sed</span> <span class='ocrx_word' id='word_1_129' title='bbox 853 2671 895 2724; x_wconf 88' lang='lat' dir='ltr'>die</span> <span class='ocrx_word' id='word_1_130' title='bbox 905 2674 979 2738; x_wconf 65' lang='lat' dir='ltr'>Salus</span> 
     </span>
     <span class='ocr_line' id='line_1_22' title="bbox 135 2747 979 2823; baseline -0.005 -20"><span class='ocrx_word' id='word_1_131' title='bbox 135 2784 161 2820; x_wconf 68' lang='lat'>5,</span> <span class='ocrx_word' id='word_1_132' title='bbox 181 2750 253 2805; x_wconf 86' lang='lat' dir='ltr'>bathi</span> <span class='ocrx_word' id='word_1_133' title='bbox 281 2766 326 2817; x_wconf 75' lang='lat'>17.</span> <span class='ocrx_word' id='word_1_134' title='bbox 346 2749 494 2815; x_wconf 67' lang='lat' dir='ltr'>Ostobris,</span> <span class='ocrx_word' id='word_1_135' title='bbox 512 2750 580 2803; x_wconf 83' lang='lat' dir='ltr'>nihil</span> <span class='ocrx_word' id='word_1_136' title='bbox 600 2747 691 2804; x_wconf 80' lang='lat' dir='ltr'>habuit</span> <span class='ocrx_word' id='word_1_137' title='bbox 705 2747 841 2817; x_wconf 79' lang='lat' dir='ltr'>antiquitas</span> <span class='ocrx_word' id='word_1_138' title='bbox 860 2782 872 2816; x_wconf 85' lang='lat'>‚</span> <span class='ocrx_word' id='word_1_139' title='bbox 892 2768 979 2823; x_wconf 75' lang='lat' dir='ltr'>qum</span> 
     </span>
     <span class='ocr_line' id='line_1_23' title="bbox 136 2826 1002 2900; baseline 0.001 -18"><span class='ocrx_word' id='word_1_140' title='bbox 136 2862 159 2899; x_wconf 75' lang='lat'>5,</span> <span class='ocrx_word' id='word_1_141' title='bbox 180 2843 210 2882; x_wconf 84' lang='lat' dir='ltr'>ut</span> <span class='ocrx_word' id='word_1_142' title='bbox 229 2846 284 2898; x_wconf 87' lang='lat' dir='ltr'>ea,</span> <span class='ocrx_word' id='word_1_143' title='bbox 304 2848 360 2900; x_wconf 75' lang='lat' dir='ltr'>qnae</span> <span class='ocrx_word' id='word_1_144' title='bbox 383 2832 415 2881; x_wconf 87' lang='lat' dir='ltr'>ad</span> <span class='ocrx_word' id='word_1_145' title='bbox 434 2846 538 2882; x_wconf 84' lang='lat' dir='ltr'>morunt</span> <span class='ocrx_word' id='word_1_146' title='bbox 558 2826 725 2897; x_wconf 78' lang='lat' dir='ltr'>disciplinam</span> <span class='ocrx_word' id='word_1_147' title='bbox 739 2829 971 2898; x_wconf 80' lang='lat' dir='ltr'>promovendam,</span> <span class='ocrx_word' id='word_1_148' title='bbox 998 2826 1002 2833; x_wconf 80' lang='grc'><strong>’</strong></span> 
     </span>
     <span class='ocr_line' id='line_1_24' title="bbox 135 2903 1058 2978; baseline -0.003 -20"><span class='ocrx_word' id='word_1_149' title='bbox 135 2939 162 2978; x_wconf 85' lang='lat'>„</span> <span class='ocrx_word' id='word_1_150' title='bbox 181 2907 212 2958; x_wconf 89' lang='lat' dir='ltr'>ad</span> <span class='ocrx_word' id='word_1_151' title='bbox 230 2907 336 2959; x_wconf 72' lang='lat' dir='ltr'>hoeresee</span> <span class='ocrx_word' id='word_1_152' title='bbox 355 2909 523 2975; x_wconf 79' lang='lat' dir='ltr'>extirpandae</span> <span class='ocrx_word' id='word_1_153' title='bbox 537 2904 562 2957; x_wconf 81' lang='lat' dir='ltr'>de</span> <span class='ocrx_word' id='word_1_154' title='bbox 578 2908 737 2960; x_wconf 73' lang='lat' dir='ltr'>coercendos</span> <span class='ocrx_word' id='word_1_155' title='bbox 753 2903 888 2959; x_wconf 79' lang='lat' dir='ltr'>haereticos</span> <span class='ocrx_word' id='word_1_156' title='bbox 909 2910 972 2976; x_wconf 84' lang='lat' dir='ltr'>spe.</span> <span class='ocrx_word' id='word_1_157' title='bbox 1055 2925 1058 2938; x_wconf 95' lang='lat'>··</span> 
     </span>
     <span class='ocr_line' id='line_1_25' title="bbox 136 2982 972 3055; baseline 0.004 -19"><span class='ocrx_word' id='word_1_158' title='bbox 136 3019 161 3055; x_wconf 83' lang='lat'>‚,</span> <span class='ocrx_word' id='word_1_159' title='bbox 179 2982 284 3037; x_wconf 66' lang='lat' dir='ltr'>stabant</span> <span class='ocrx_word' id='word_1_160' title='bbox 293 2999 314 3051; x_wconf 84' lang='lat'>‚&#39;</span> <span class='ocrx_word' id='word_1_161' title='bbox 323 2985 402 3038; x_wconf 80' lang='lat' dir='ltr'>alacri</span> <span class='ocrx_word' id='word_1_162' title='bbox 421 2986 503 3038; x_wconf 80' lang='lat' dir='ltr'>lindio</span> <span class='ocrx_word' id='word_1_163' title='bbox 520 2986 718 3055; x_wconf 79' lang='lat' dir='ltr'>prosequeretur</span> <span class='ocrx_word' id='word_1_164' title='bbox 731 3003 741 3048; x_wconf 81' lang='lat'>3</span> <span class='ocrx_word' id='word_1_165' title='bbox 754 2983 812 3035; x_wconf 88' lang='lat' dir='ltr'>ideo</span> <span class='ocrx_word' id='word_1_166' title='bbox 823 2986 884 3055; x_wconf 86' lang='lat' dir='ltr'>qnia</span> <span class='ocrx_word' id='word_1_167' title='bbox 897 2987 972 3041; x_wconf 87' lang='lat' dir='ltr'>intat·</span> 
     </span>
     <span class='ocr_line' id='line_1_26' title="bbox 136 3059 971 3133; baseline 0.004 -19"><span class='ocrx_word' id='word_1_168' title='bbox 136 3097 160 3132; x_wconf 90' lang='lat'>„</span> <span class='ocrx_word' id='word_1_169' title='bbox 181 3064 326 3129; x_wconf 78' lang='lat' dir='ltr'>articulos,</span> <span class='ocrx_word' id='word_1_170' title='bbox 345 3080 415 3133; x_wconf 84' lang='lat' dir='ltr'>quos·</span> <span class='ocrx_word' id='word_1_171' title='bbox 431 3064 582 3117; x_wconf 79' lang='lat' dir='ltr'>cardinales</span> <span class='ocrx_word' id='word_1_172' title='bbox 607 3059 775 3124; x_wconf 83' lang='lat' dir='ltr'>iureiurando</span> <span class='ocrx_word' id='word_1_173' title='bbox 793 3062 971 3117; x_wconf 76' lang='lat' dir='ltr'>observandos</span> 
     </span>
     <span class='ocr_line' id='line_1_27' title="bbox 136 3140 974 3210; baseline 0.004 -17"><span class='ocrx_word' id='word_1_174' title='bbox 136 3174 161 3210; x_wconf 89' lang='lat'>„</span> <span class='ocrx_word' id='word_1_175' title='bbox 181 3142 348 3194; x_wconf 84' lang='lat' dir='ltr'>decreverant</span> <span class='ocrx_word' id='word_1_176' title='bbox 367 3159 383 3192; x_wconf 83' lang='lat' dir='ltr'>a</span> <span class='ocrx_word' id='word_1_177' title='bbox 405 3140 532 3194; x_wconf 78' lang='lat' dir='ltr'>sontifiee</span> <span class='ocrx_word' id='word_1_178' title='bbox 551 3144 641 3193; x_wconf 83' lang='lat' dir='ltr'>sutoro</span> <span class='ocrx_word' id='word_1_179' title='bbox 668 3141 695 3192; x_wconf 78' lang='lat' dir='ltr'>ia</span> <span class='ocrx_word' id='word_1_180' title='bbox 712 3151 769 3195; x_wconf 86' lang='lat' dir='ltr'>erat</span> <span class='ocrx_word' id='word_1_181' title='bbox 788 3156 798 3194; x_wconf 75' lang='lat' dir='ltr'>a</span> <span class='ocrx_word' id='word_1_182' title='bbox 825 3155 858 3194; x_wconf 74' lang='lat' dir='ltr'>tae</span> <span class='ocrx_word' id='word_1_183' title='bbox 877 3140 974 3197; x_wconf 68' lang='lat' dir='ltr'>clodius</span> 
     </span>
     <span class='ocr_line' id='line_1_28' title="bbox 137 3222 954 3289; baseline 0.004 -19"><span class='ocrx_word' id='word_1_184' title='bbox 137 3252 162 3289; x_wconf 81' lang='lat'>,‚</span> <span class='ocrx_word' id='word_1_185' title='bbox 182 3223 327 3273; x_wconf 76' lang='lat' dir='ltr'>Concilium</span> <span class='ocrx_word' id='word_1_186' title='bbox 348 3222 540 3275; x_wconf 80' lang='lat' dir='ltr'>Oeeumm‘eum</span> <span class='ocrx_word' id='word_1_187' title='bbox 552 3222 732 3273; x_wconf 71' lang='lat' dir='ltr'>inescamur</span> <span class='ocrx_word' id='word_1_188' title='bbox 750 3234 954 3287; x_wconf 57' lang='lat' dir='ltr'>aaronem„</span> 
     </span>
    </p>

    <p class='ocr_par' dir='ltr' id='par_1_4' title="bbox 140 3294 979 3769">
     <span class='ocr_line' id='line_1_29' title="bbox 181 3294 979 3369; baseline 0.001 -19"><span class='ocrx_word' id='word_1_189' title='bbox 181 3294 222 3326; x_wconf 68' lang='lat'>‘⁴&#39;</span> <span class='ocrx_word' id='word_1_190' title='bbox 262 3302 469 3369; x_wconf 66' lang='lat' dir='ltr'>cognoscum]</span> <span class='ocrx_word' id='word_1_191' title='bbox 491 3300 530 3350; x_wconf 88' lang='lat' dir='ltr'>Ut</span> <span class='ocrx_word' id='word_1_192' title='bbox 542 3298 624 3364; x_wconf 81' lang='lat' dir='ltr'>igitur</span> <span class='ocrx_word' id='word_1_193' title='bbox 641 3298 736 3349; x_wconf 75' lang='lat' dir='ltr'>Paulus</span> <span class='ocrx_word' id='word_1_194' title='bbox 745 3298 869 3351; x_wconf 77' lang='lat' dir='ltr'>Pontifex</span> <span class='ocrx_word' id='word_1_195' title='bbox 888 3297 979 3351; x_wconf 66' lang='lat' dir='ltr'>medii</span> 
     </span>
     <span class='ocr_line' id='line_1_30' title="bbox 141 3374 976 3443; baseline -0.004 -12"><span class='ocrx_word' id='word_1_196' title='bbox 141 3393 199 3431; x_wconf 82' lang='lat' dir='ltr'>canu</span> <span class='ocrx_word' id='word_1_197' title='bbox 213 3376 289 3442; x_wconf 80' lang='lat' dir='ltr'>lapsae</span> <span class='ocrx_word' id='word_1_198' title='bbox 307 3375 451 3443; x_wconf 85' lang='lat' dir='ltr'>disciplinae</span> <span class='ocrx_word' id='word_1_199' title='bbox 464 3392 571 3428; x_wconf 80' lang='lat' dir='ltr'>manunt</span> <span class='ocrx_word' id='word_1_200' title='bbox 589 3377 762 3443; x_wconf 85' lang='lat' dir='ltr'>admoveret,</span> <span class='ocrx_word' id='word_1_201' title='bbox 782 3374 807 3426; x_wconf 76' lang='lat' dir='ltr'>de</span> <span class='ocrx_word' id='word_1_202' title='bbox 819 3376 976 3431; x_wconf 85' lang='lat' dir='ltr'>convician-</span> 
     </span>
     <span class='ocr_line' id='line_1_31' title="bbox 140 3452 975 3521; baseline -0.002 -14"><span class='ocrx_word' id='word_1_203' title='bbox 140 3456 169 3507; x_wconf 78' lang='lat' dir='ltr'>di</span> <span class='ocrx_word' id='word_1_204' title='bbox 190 3452 348 3505; x_wconf 76' lang='lat' dir='ltr'>occasionem</span> <span class='ocrx_word' id='word_1_205' title='bbox 372 3452 499 3505; x_wconf 84' lang='lat' dir='ltr'>haereticis</span> <span class='ocrx_word' id='word_1_206' title='bbox 521 3452 671 3520; x_wconf 67' lang='lat' dir='ltr'>procideret</span> <span class='ocrx_word' id='word_1_207' title='bbox 697 3485 709 3518; x_wconf 88' lang='lat'>‚</span> <span class='ocrx_word' id='word_1_208' title='bbox 738 3454 821 3521; x_wconf 80' lang='lat' dir='ltr'>legere</span> <span class='ocrx_word' id='word_1_209' title='bbox 843 3471 877 3506; x_wconf 82' lang='lat' dir='ltr'>ex</span> <span class='ocrx_word' id='word_1_210' title='bbox 896 3453 975 3506; x_wconf 83' lang='lat' dir='ltr'>omni</span> 
     </span>
     <span class='ocr_line' id='line_1_32' title="bbox 142 3528 974 3612; baseline 0 -29"><span class='ocrx_word' id='word_1_211' title='bbox 142 3532 306 3584; x_wconf 85' lang='lat' dir='ltr'>eruditorum</span> <span class='ocrx_word' id='word_1_212' title='bbox 321 3529 460 3582; x_wconf 79' lang='lat' dir='ltr'>hominurn</span> <span class='ocrx_word' id='word_1_213' title='bbox 472 3532 589 3596; x_wconf 86' lang='lat' dir='ltr'>censo‚ut</span> <span class='ocrx_word' id='word_1_214' title='bbox 599 3528 656 3612; x_wconf 70' lang='lat' dir='ltr'>heic</span> <span class='ocrx_word' id='word_1_215' title='bbox 669 3531 829 3583; x_wconf 83' lang='lat' dir='ltr'>Florebellus</span> <span class='ocrx_word' id='word_1_216' title='bbox 841 3529 974 3597; x_wconf 80' lang='lat' dir='ltr'>testatur,</span> 
     </span>
     <span class='ocr_line' id='line_1_33' title="bbox 142 3606 973 3677; baseline 0 -16"><span class='ocrx_word' id='word_1_217' title='bbox 142 3609 216 3661; x_wconf 87' lang='lat' dir='ltr'>viros</span> <span class='ocrx_word' id='word_1_218' title='bbox 238 3606 379 3673; x_wconf 58' lang='lat' dir='ltr'>domina,</span> <span class='ocrx_word' id='word_1_219' title='bbox 400 3608 528 3677; x_wconf 81' lang='lat' dir='ltr'>longoque</span> <span class='ocrx_word' id='word_1_220' title='bbox 552 3622 638 3659; x_wconf 84' lang='lat' dir='ltr'>rerunt</span> <span class='ocrx_word' id='word_1_221' title='bbox 652 3608 697 3661; x_wconf 85' lang='lat' dir='ltr'>usu</span> <span class='ocrx_word' id='word_1_222' title='bbox 719 3608 798 3677; x_wconf 84' lang='lat' dir='ltr'>longe</span> <span class='ocrx_word' id='word_1_223' title='bbox 815 3606 973 3662; x_wconf 73' lang='lat' dir='ltr'>consultissi-</span> 
     </span>
     <span class='ocr_line' id='line_1_34' title="bbox 142 3684 975 3769; baseline -0.002 -26"><span class='ocrx_word' id='word_1_224' title='bbox 142 3684 333 3758; x_wconf 71' lang='lat' dir='ltr'>messuerit,</span> <span class='ocrx_word' id='word_1_225' title='bbox 351 3684 649 3769; x_wconf 59' lang='lat' dir='ltr'>qaifadtesotnaude</span> <span class='ocrx_word' id='word_1_226' title='bbox 669 3686 787 3747; x_wconf 77' lang='lat' dir='ltr'>Ecclesia</span> <span class='ocrx_word' id='word_1_227' title='bbox 805 3687 975 3763; x_wconf 68' lang='lat' dir='ltr'>provinciana</span> 
     </span>
    </p>

    <p class='ocr_par' dir='ltr' id='par_1_5' title="bbox 773 3776 982 3832">
     <span class='ocr_line' id='line_1_35' title="bbox 773 3776 982 3832; baseline -0.014 -12"><span class='ocrx_word' id='word_1_228' title='bbox 773 3783 777 3793; x_wconf 95' lang='grc'>’</span> <span class='ocrx_word' id='word_1_229' title='bbox 919 3776 982 3832; x_wconf 71' lang='lat' dir='ltr'>nerg</span> 
     </span>
    </p>
   </div>
   <div class='ocr_carea' id='block_1_3' title="bbox 0 0 1290 4350">
    <p class='ocr_par' dir='ltr' id='par_1_6' title="bbox 0 0 1290 4350">
     <span class='ocr_line' id='line_1_36' title="bbox 0 0 1290 4350; baseline 0 0"><span class='ocrx_word' id='word_1_230' title='bbox 0 0 1290 4350; x_wconf 95' lang='lat' dir='ltr'> </span> 
     </span>
    </p>
   </div>
  </div>
 </body>
</html>
