<?xml version="1.0" encoding="UTF-8"?>
<!DOCTYPE html PUBLIC "-//W3C//DTD XHTML 1.0 Transitional//EN"
    "http://www.w3.org/TR/xhtml1/DTD/xhtml1-transitional.dtd">
<html xmlns="http://www.w3.org/1999/xhtml" xml:lang="en" lang="en">
 <head>
  <title>
</title>
<meta http-equiv="Content-Type" content="text/html;charset=utf-8" />
  <meta name='ocr-system' content='tesseract 3.04.00' />
  <meta name='ocr-capabilities' content='ocr_page ocr_carea ocr_par ocr_line ocrx_word'/>
</head>
<body>
  <div class='ocr_page' id='page_1' title='image "./jacobisadoletie00florgoog_0058.png"; bbox 0 0 2542 4350; ppageno 0'>
   <div class='ocr_carea' id='block_1_1' title="bbox 207 492 1062 1316">
    <p class='ocr_par' dir='ltr' id='par_1_1' title="bbox 207 492 1060 1202">
     <span class='ocr_line' id='line_1_1' title="bbox 518 492 1060 577; baseline 0.002 -1"><span class='ocrx_word' id='word_1_1' title='bbox 518 494 560 575; x_wconf 89' lang='lat' dir='ltr'>V</span> <span class='ocrx_word' id='word_1_2' title='bbox 588 515 604 575; x_wconf 90' lang='lat'>1</span> <span class='ocrx_word' id='word_1_3' title='bbox 635 514 666 573; x_wconf 87' lang='grc' dir='ltr'>τ</span> <span class='ocrx_word' id='word_1_4' title='bbox 697 503 756 574; x_wconf 74' lang='lat' dir='ltr'>e:</span> <span class='ocrx_word' id='word_1_5' title='bbox 956 492 1060 577; x_wconf 82' lang='lat' dir='ltr'>xxxi</span> 
     </span>
     <span class='ocr_line' id='line_1_2' title="bbox 211 604 1053 726; baseline -0.011 -25"><span class='ocrx_word' id='word_1_6' title='bbox 211 616 267 700; x_wconf 79' lang='lat' dir='ltr'>ita</span> <span class='ocrx_word' id='word_1_7' title='bbox 300 607 489 726; x_wconf 86' lang='lat' dir='ltr'>praefuit,</span> <span class='ocrx_word' id='word_1_8' title='bbox 521 634 568 694; x_wconf 89' lang='lat' dir='ltr'>ut</span> <span class='ocrx_word' id='word_1_9' title='bbox 585 609 741 694; x_wconf 88' lang='lat' dir='ltr'>nullum</span> <span class='ocrx_word' id='word_1_10' title='bbox 764 604 805 692; x_wconf 90' lang='lat' dir='ltr'>in</span> <span class='ocrx_word' id='word_1_11' title='bbox 838 631 905 692; x_wconf 84' lang='lat' dir='ltr'>eos</span> <span class='ocrx_word' id='word_1_12' title='bbox 934 607 1053 692; x_wconf 79' lang='lat' dir='ltr'>sortis</span> 
     </span>
     <span class='ocr_line' id='line_1_3' title="bbox 212 726 1057 845; baseline -0.014 -23"><span class='ocrx_word' id='word_1_13' title='bbox 212 740 250 822; x_wconf 78' lang='grc'>8(</span> <span class='ocrx_word' id='word_1_14' title='bbox 290 728 491 845; x_wconf 86' lang='lat' dir='ltr'>diligentis</span> <span class='ocrx_word' id='word_1_15' title='bbox 531 726 719 842; x_wconf 86' lang='lat' dir='ltr'>Episcopi</span> <span class='ocrx_word' id='word_1_16' title='bbox 769 753 913 813; x_wconf 86' lang='lat' dir='ltr'>munus</span> <span class='ocrx_word' id='word_1_17' title='bbox 959 755 1057 841; x_wconf 87' lang='lat' dir='ltr'>prae·</span> 
     </span>
     <span class='ocr_line' id='line_1_4' title="bbox 212 844 1058 960; baseline -0.007 -22"><span class='ocrx_word' id='word_1_18' title='bbox 212 850 458 945; x_wconf 85' lang='lat' dir='ltr'>termiserit:</span> <span class='ocrx_word' id='word_1_19' title='bbox 492 877 590 960; x_wconf 84' lang='lat' dir='ltr'>quos</span> <span class='ocrx_word' id='word_1_20' title='bbox 621 844 786 959; x_wconf 88' lang='lat' dir='ltr'>quidem</span> <span class='ocrx_word' id='word_1_21' title='bbox 825 847 967 959; x_wconf 88' lang='lat' dir='ltr'>quanti</span> <span class='ocrx_word' id='word_1_22' title='bbox 997 846 1058 932; x_wconf 86' lang='lat' dir='ltr'>fa·</span> 
     </span>
     <span class='ocr_line' id='line_1_5' title="bbox 207 963 1057 1082; baseline -0.012 -24"><span class='ocrx_word' id='word_1_23' title='bbox 207 994 318 1058; x_wconf 86' lang='lat' dir='ltr'>ceret</span> <span class='ocrx_word' id='word_1_24' title='bbox 346 1033 359 1078; x_wconf 89' lang='lat'>,</span> <span class='ocrx_word' id='word_1_25' title='bbox 391 969 498 1054; x_wconf 82' lang='lat' dir='ltr'>nulia</span> <span class='ocrx_word' id='word_1_26' title='bbox 528 996 570 1053; x_wconf 88' lang='lat' dir='ltr'>re</span> <span class='ocrx_word' id='word_1_27' title='bbox 603 966 736 1082; x_wconf 88' lang='lat' dir='ltr'>potuit</span> <span class='ocrx_word' id='word_1_28' title='bbox 777 967 950 1081; x_wconf 84' lang='lat' dir='ltr'>apertius</span> <span class='ocrx_word' id='word_1_29' title='bbox 987 963 1057 1049; x_wconf 88' lang='lat' dir='ltr'>de·</span> 
     </span>
     <span class='ocr_line' id='line_1_6' title="bbox 207 1082 1054 1202; baseline -0.013 -24"><span class='ocrx_word' id='word_1_30' title='bbox 207 1094 357 1180; x_wconf 80' lang='lat' dir='ltr'>clarare</span> <span class='ocrx_word' id='word_1_31' title='bbox 382 1153 397 1200; x_wconf 95' lang='lat'>,</span> <span class='ocrx_word' id='word_1_32' title='bbox 427 1115 553 1202; x_wconf 85' lang='lat' dir='ltr'>quam</span> <span class='ocrx_word' id='word_1_33' title='bbox 584 1084 693 1200; x_wconf 88' lang='lat' dir='ltr'>quod</span> <span class='ocrx_word' id='word_1_34' title='bbox 733 1113 873 1173; x_wconf 88' lang='lat' dir='ltr'>eorum</span> <span class='ocrx_word' id='word_1_35' title='bbox 902 1082 1054 1194; x_wconf 83' lang='lat' dir='ltr'>causa,</span> 
     </span>
    </p>

    <p class='ocr_par' dir='ltr' id='par_1_2' title="bbox 646 1206 1062 1316">
     <span class='ocr_line' id='line_1_7' title="bbox 646 1206 1062 1316; baseline 0 -26"><span class='ocrx_word' id='word_1_36' title='bbox 646 1206 672 1290; x_wconf 90' lang='lat' dir='ltr'>b</span> <span class='ocrx_word' id='word_1_37' title='bbox 700 1234 733 1316; x_wconf 91' lang='lat'>4</span> <span class='ocrx_word' id='word_1_38' title='bbox 970 1229 1062 1301; x_wconf 56' lang='lat' dir='ltr'>arsit</span> 
     </span>
    </p>
   </div>
   <div class='ocr_carea' id='block_1_2' title="bbox 203 1413 1057 3807">
    <p class='ocr_par' dir='ltr' id='par_1_3' title="bbox 203 1413 1057 3747">
     <span class='ocr_line' id='line_1_8' title="bbox 208 1413 1056 1487; baseline -0.004 -17"><span class='ocrx_word' id='word_1_39' title='bbox 208 1430 302 1487; x_wconf 79' lang='lat' dir='ltr'>quareo</span> <span class='ocrx_word' id='word_1_40' title='bbox 323 1447 332 1468; x_wconf 83' lang='lat'><strong>.</strong></span> <span class='ocrx_word' id='word_1_41' title='bbox 356 1418 454 1468; x_wconf 85' lang='lat' dir='ltr'>iterum</span> <span class='ocrx_word' id='word_1_42' title='bbox 467 1416 533 1485; x_wconf 83' lang='lat' dir='ltr'>epud</span> <span class='ocrx_word' id='word_1_43' title='bbox 555 1415 675 1470; x_wconf 82' lang='lat' dir='ltr'>eumdem</span> <span class='ocrx_word' id='word_1_44' title='bbox 697 1413 847 1484; x_wconf 80' lang='lat' dir='ltr'><strong>Gryphium</strong></span> <span class='ocrx_word' id='word_1_45' title='bbox 869 1431 940 1468; x_wconf 80' lang='lat' dir='ltr'>enno</span> <span class='ocrx_word' id='word_1_46' title='bbox 965 1429 1056 1478; x_wconf 72' lang='lat'><strong>¹5⁴3·</strong></span> 
     </span>
     <span class='ocr_line' id='line_1_9' title="bbox 209 1492 1055 1563; baseline -0.004 -16"><span class='ocrx_word' id='word_1_47' title='bbox 209 1497 240 1547; x_wconf 84' lang='lat' dir='ltr'>in</span> <span class='ocrx_word' id='word_1_48' title='bbox 255 1494 371 1547; x_wconf 64' lang='lat' dir='ltr'>ostevo:</span> <span class='ocrx_word' id='word_1_49' title='bbox 393 1492 424 1544; x_wconf 72' lang='lat' dir='ltr'>(t</span> <span class='ocrx_word' id='word_1_50' title='bbox 442 1497 556 1548; x_wconf 81' lang='lat' dir='ltr'>Veneeie‘e</span> <span class='ocrx_word' id='word_1_51' title='bbox 572 1507 618 1563; x_wconf 78' lang='lat' dir='ltr'>per</span> <span class='ocrx_word' id='word_1_52' title='bbox 629 1495 820 1547; x_wconf 69' lang='lat' dir='ltr'>corcordiam</span> <span class='ocrx_word' id='word_1_53' title='bbox 841 1494 871 1546; x_wconf 75' lang='lat' dir='ltr'>de</span> <span class='ocrx_word' id='word_1_54' title='bbox 883 1492 1055 1563; x_wconf 60' lang='lat' dir='ltr'>{rescientiae</span> 
     </span>
     <span class='ocr_line' id='line_1_10' title="bbox 203 1565 1051 1639; baseline -0.006 -13"><span class='ocrx_word' id='word_1_55' title='bbox 203 1574 462 1636; x_wconf 77' lang='lat' dir='ltr'>Mediolanensem,</span> <span class='ocrx_word' id='word_1_56' title='bbox 485 1570 634 1639; x_wconf 70' lang='lat' dir='ltr'>sumptibus</span> <span class='ocrx_word' id='word_1_57' title='bbox 655 1578 715 1624; x_wconf 78' lang='lat' dir='ltr'>verr)</span> <span class='ocrx_word' id='word_1_58' title='bbox 736 1577 773 1622; x_wconf 82' lang='lat' dir='ltr'>D.</span> <span class='ocrx_word' id='word_1_59' title='bbox 800 1572 948 1625; x_wconf 71' lang='lat' dir='ltr'>melchioris</span> <span class='ocrx_word' id='word_1_60' title='bbox 973 1565 1051 1638; x_wconf 74' lang='lat' dir='ltr'>seffa</span> 
     </span>
     <span class='ocr_line' id='line_1_11' title="bbox 210 1647 1054 1704; baseline -0.006 -3"><span class='ocrx_word' id='word_1_61' title='bbox 210 1665 281 1702; x_wconf 79' lang='lat' dir='ltr'>enne</span> <span class='ocrx_word' id='word_1_62' title='bbox 295 1653 403 1704; x_wconf 76' lang='lat' dir='ltr'>Domine·</span> <span class='ocrx_word' id='word_1_63' title='bbox 421 1663 456 1700; x_wconf 84' lang='lat' dir='ltr'>rr.</span> <span class='ocrx_word' id='word_1_64' title='bbox 471 1665 501 1699; x_wconf 81' lang='lat' dir='ltr'>c.</span> <span class='ocrx_word' id='word_1_65' title='bbox 520 1664 624 1701; x_wconf 75' lang='lat' dir='ltr'>xxxix.</span> <span class='ocrx_word' id='word_1_66' title='bbox 638 1651 668 1700; x_wconf 80' lang='lat' dir='ltr'>e&#39;e</span> <span class='ocrx_word' id='word_1_67' title='bbox 684 1647 774 1702; x_wconf 77' lang='lat' dir='ltr'>osiaco</span> <span class='ocrx_word' id='word_1_68' title='bbox 790 1684 799 1700; x_wconf 88' lang='lat'><strong>.</strong></span> <span class='ocrx_word' id='word_1_69' title='bbox 821 1651 978 1700; x_wconf 83' lang='lat' dir='ltr'>Decreveret</span> <span class='ocrx_word' id='word_1_70' title='bbox 997 1649 1054 1698; x_wconf 78' lang='lat' dir='ltr'>Se·</span> 
     </span>
     <span class='ocr_line' id='line_1_12' title="bbox 214 1722 1056 1793; baseline -0.008 -14"><span class='ocrx_word' id='word_1_71' title='bbox 214 1742 352 1780; x_wconf 71' lang='lat' dir='ltr'>noceres</span> <span class='ocrx_word' id='word_1_72' title='bbox 374 1725 490 1793; x_wconf 83' lang='lat' dir='ltr'>primum</span> <span class='ocrx_word' id='word_1_73' title='bbox 509 1725 603 1777; x_wconf 82' lang='lat' dir='ltr'>horum</span> <span class='ocrx_word' id='word_1_74' title='bbox 621 1740 756 1791; x_wconf 85' lang='lat' dir='ltr'>operum,</span> <span class='ocrx_word' id='word_1_75' title='bbox 773 1724 801 1773; x_wconf 83' lang='lat' dir='ltr'>h.</span> <span class='ocrx_word' id='word_1_76' title='bbox 814 1740 840 1774; x_wconf 86' lang='lat' dir='ltr'>e.</span> <span class='ocrx_word' id='word_1_77' title='bbox 853 1727 949 1778; x_wconf 84' lang='lat' dir='ltr'>librum</span> <span class='ocrx_word' id='word_1_78' title='bbox 967 1725 999 1776; x_wconf 89' lang='lat' dir='ltr'>de</span> <span class='ocrx_word' id='word_1_79' title='bbox 1018 1722 1056 1772; x_wconf 86' lang='lat' dir='ltr'>si·</span> 
     </span>
     <span class='ocr_line' id='line_1_13' title="bbox 212 1797 1054 1867; baseline -0.006 -12"><span class='ocrx_word' id='word_1_80' title='bbox 212 1804 284 1855; x_wconf 83' lang='lat' dir='ltr'>berie</span> <span class='ocrx_word' id='word_1_81' title='bbox 298 1804 365 1856; x_wconf 73' lang='lat' dir='ltr'>recie</span> <span class='ocrx_word' id='word_1_82' title='bbox 383 1802 548 1853; x_wconf 73' lang='lat' dir='ltr'>instituendi·</span> <span class='ocrx_word' id='word_1_83' title='bbox 562 1801 662 1852; x_wconf 79' lang='lat' dir='ltr'>Bembo</span> <span class='ocrx_word' id='word_1_84' title='bbox 679 1801 880 1867; x_wconf 72' lang='lat' dir='ltr'>transmittere,</span> <span class='ocrx_word' id='word_1_85' title='bbox 899 1816 928 1853; x_wconf 81' lang='lat' dir='ltr'>ut</span> <span class='ocrx_word' id='word_1_86' title='bbox 940 1798 996 1860; x_wconf 81' lang='lat' dir='ltr'>eice</span> <span class='ocrx_word' id='word_1_87' title='bbox 1009 1797 1054 1859; x_wconf 83' lang='lat' dir='ltr'>iu·</span> 
     </span>
     <span class='ocr_line' id='line_1_14' title="bbox 208 1877 1055 1949; baseline -0.009 -15"><span class='ocrx_word' id='word_1_88' title='bbox 208 1881 284 1934; x_wconf 84' lang='lat' dir='ltr'>dicio</span> <span class='ocrx_word' id='word_1_89' title='bbox 302 1894 442 1949; x_wconf 78' lang='lat' dir='ltr'>ecteqcem</span> <span class='ocrx_word' id='word_1_90' title='bbox 457 1879 485 1931; x_wconf 80' lang='lat' dir='ltr'>in</span> <span class='ocrx_word' id='word_1_91' title='bbox 498 1894 590 1930; x_wconf 83' lang='lat' dir='ltr'>mente</span> <span class='ocrx_word' id='word_1_92' title='bbox 604 1877 742 1930; x_wconf 80' lang='lat' dir='ltr'>homiuum</span> <span class='ocrx_word' id='word_1_93' title='bbox 764 1878 880 1945; x_wconf 87' lang='lat' dir='ltr'>prodiret</span> <span class='ocrx_word' id='word_1_94' title='bbox 897 1912 909 1944; x_wconf 87' lang='lat'>,</span> <span class='ocrx_word' id='word_1_95' title='bbox 928 1879 1055 1946; x_wconf 80' lang='lat' dir='ltr'>pendere-</span> 
     </span>
     <span class='ocr_line' id='line_1_15' title="bbox 208 1955 1055 2026; baseline -0.008 -13"><span class='ocrx_word' id='word_1_96' title='bbox 208 1974 276 2016; x_wconf 79' lang='lat' dir='ltr'>tur:</span> <span class='ocrx_word' id='word_1_97' title='bbox 299 1991 322 2025; x_wconf 87' lang='lat'>‚,</span> <span class='ocrx_word' id='word_1_98' title='bbox 343 1964 412 2014; x_wconf 85' lang='lat' dir='ltr'>cum</span> <span class='ocrx_word' id='word_1_99' title='bbox 425 1956 491 2008; x_wconf 87' lang='lat' dir='ltr'>mihi</span> <span class='ocrx_word' id='word_1_100' title='bbox 503 1956 518 2019; x_wconf 91' lang='lat'>(</span> <span class='ocrx_word' id='word_1_101' title='bbox 528 1955 614 2026; x_wconf 82' lang='lat' dir='ltr'>inquit</span> <span class='ocrx_word' id='word_1_102' title='bbox 627 1957 681 2023; x_wconf 88' lang='lat' dir='ltr'>ipse</span> <span class='ocrx_word' id='word_1_103' title='bbox 694 1956 792 2008; x_wconf 83' lang='lat' dir='ltr'>Bembc</span> <span class='ocrx_word' id='word_1_104' title='bbox 805 1956 917 2010; x_wconf 74' lang='lat' dir='ltr'>scribent</span> <span class='ocrx_word' id='word_1_105' title='bbox 931 1958 982 2009; x_wconf 83' lang='lat' dir='ltr'>trs.</span> <span class='ocrx_word' id='word_1_106' title='bbox 994 1958 1055 2007; x_wconf 79' lang='lat' dir='ltr'>No·</span> 
     </span>
     <span class='ocr_line' id='line_1_16' title="bbox 209 2026 1054 2109; baseline -0.004 -21"><span class='ocrx_word' id='word_1_107' title='bbox 209 2070 235 2109; x_wconf 89' lang='lat'>„</span> <span class='ocrx_word' id='word_1_108' title='bbox 256 2054 303 2089; x_wconf 84' lang='lat' dir='ltr'>nee</span> <span class='ocrx_word' id='word_1_109' title='bbox 317 2034 477 2107; x_wconf 74' lang='lat' dir='ltr'>Septembri·</span> <span class='ocrx_word' id='word_1_110' title='bbox 493 2051 577 2100; x_wconf 79' lang='lat'>¹53²·</span> <span class='ocrx_word' id='word_1_111' title='bbox 591 2034 640 2085; x_wconf 76' lang='lat' dir='ltr'>tit.</span> <span class='ocrx_word' id='word_1_112' title='bbox 652 2033 691 2090; x_wconf 82' lang='lat' dir='ltr'>ri.</span> <span class='ocrx_word' id='word_1_113' title='bbox 715 2033 796 2103; x_wconf 73' lang='lat' dir='ltr'>Epist.</span> <span class='ocrx_word' id='word_1_114' title='bbox 807 2043 862 2105; x_wconf 79' lang='lat'>6.)</span> <span class='ocrx_word' id='word_1_115' title='bbox 875 2026 927 2088; x_wconf 56' lang='lat' dir='ltr'>cec&#39;</span> <span class='ocrx_word' id='word_1_116' title='bbox 938 2034 1054 2103; x_wconf 82' lang='lat' dir='ltr'>opinen-</span> 
     </span>
     <span class='ocr_line' id='line_1_17' title="bbox 208 2109 1054 2188; baseline -0.005 -21"><span class='ocrx_word' id='word_1_117' title='bbox 208 2148 234 2188; x_wconf 87' lang='lat'>„</span> <span class='ocrx_word' id='word_1_118' title='bbox 258 2115 281 2167; x_wconf 93' lang='lat' dir='ltr'>ti</span> <span class='ocrx_word' id='word_1_119' title='bbox 301 2113 422 2168; x_wconf 72' lang='lat' dir='ltr'>nuntiari</span> <span class='ocrx_word' id='word_1_120' title='bbox 448 2109 517 2172; x_wconf 82' lang='lat' dir='ltr'>insiit</span> <span class='ocrx_word' id='word_1_121' title='bbox 538 2111 619 2164; x_wconf 82' lang='lat' dir='ltr'>homo</span> <span class='ocrx_word' id='word_1_122' title='bbox 637 2113 713 2165; x_wconf 82' lang='lat' dir='ltr'>leude</span> <span class='ocrx_word' id='word_1_123' title='bbox 731 2112 839 2165; x_wconf 82' lang='lat' dir='ltr'>virtutie</span> <span class='ocrx_word' id='word_1_124' title='bbox 865 2111 1054 2168; x_wconf 76' lang='lat' dir='ltr'>&amp;nobilitete</span> 
     </span>
     <span class='ocr_line' id='line_1_18' title="bbox 208 2190 1053 2265; baseline -0.004 -20"><span class='ocrx_word' id='word_1_125' title='bbox 208 2227 234 2265; x_wconf 86' lang='lat'>„</span> <span class='ocrx_word' id='word_1_126' title='bbox 259 2196 380 2263; x_wconf 72' lang='lat' dir='ltr'>prestent</span> <span class='ocrx_word' id='word_1_127' title='bbox 398 2192 557 2258; x_wconf 82' lang='lat' dir='ltr'>Regineidrte</span> <span class='ocrx_word' id='word_1_128' title='bbox 571 2191 674 2257; x_wconf 78' lang='lat' dir='ltr'>Polite,</span> <span class='ocrx_word' id='word_1_129' title='bbox 693 2208 749 2243; x_wconf 83' lang='lat' dir='ltr'>eret</span> <span class='ocrx_word' id='word_1_130' title='bbox 771 2194 859 2246; x_wconf 80' lang='lat' dir='ltr'>rtatim</span> <span class='ocrx_word' id='word_1_131' title='bbox 873 2193 896 2245; x_wconf 91' lang='lat' dir='ltr'>se</span> <span class='ocrx_word' id='word_1_132' title='bbox 911 2190 1053 2244; x_wconf 77' lang='lat' dir='ltr'>Peteeicm</span> 
     </span>
     <span class='ocr_line' id='line_1_19' title="bbox 211 2266 1052 2342; baseline -0.002 -18"><span class='ocrx_word' id='word_1_133' title='bbox 211 2304 236 2342; x_wconf 85' lang='lat'>„</span> <span class='ocrx_word' id='word_1_134' title='bbox 257 2272 385 2341; x_wconf 79' lang='lat' dir='ltr'>proficisci</span> <span class='ocrx_word' id='word_1_135' title='bbox 408 2300 419 2333; x_wconf 89' lang='lat'>,</span> <span class='ocrx_word' id='word_1_136' title='bbox 439 2266 464 2318; x_wconf 72' lang='grc' dir='ltr'>ἃ</span> <span class='ocrx_word' id='word_1_137' title='bbox 483 2269 500 2319; x_wconf 78' lang='lat' dir='ltr'>fi</span> <span class='ocrx_word' id='word_1_138' title='bbox 520 2269 583 2340; x_wconf 81' lang='lat' dir='ltr'>quid</span> <span class='ocrx_word' id='word_1_139' title='bbox 604 2270 636 2321; x_wconf 85' lang='lat' dir='ltr'>ed</span> <span class='ocrx_word' id='word_1_140' title='bbox 655 2272 796 2321; x_wconf 78' lang='lat' dir='ltr'>tevestem</span> <span class='ocrx_word' id='word_1_141' title='bbox 826 2287 867 2323; x_wconf 87' lang='lat' dir='ltr'>me</span> <span class='ocrx_word' id='word_1_142' title='bbox 884 2270 1027 2324; x_wconf 83' lang='lat' dir='ltr'>edmonttit</span> <span class='ocrx_word' id='word_1_143' title='bbox 1039 2300 1052 2322; x_wconf 71' lang='grc' dir='ltr'><strong>ο</strong></span> 
     </span>
     <span class='ocr_line' id='line_1_20' title="bbox 211 2346 1057 2419; baseline 0.002 -19"><span class='ocrx_word' id='word_1_144' title='bbox 211 2382 238 2419; x_wconf 86' lang='lat'><strong>„</strong></span> <span class='ocrx_word' id='word_1_145' title='bbox 260 2352 326 2401; x_wconf 78' lang='lat' dir='ltr'>Eum</span> <span class='ocrx_word' id='word_1_146' title='bbox 338 2366 387 2417; x_wconf 77' lang='lat' dir='ltr'>ego</span> <span class='ocrx_word' id='word_1_147' title='bbox 406 2347 434 2397; x_wconf 84' lang='lat' dir='ltr'>ic</span> <span class='ocrx_word' id='word_1_148' title='bbox 446 2347 586 2399; x_wconf 74' lang='lat' dir='ltr'>crastinum</span> <span class='ocrx_word' id='word_1_149' title='bbox 600 2347 670 2399; x_wconf 87' lang='lat' dir='ltr'>diem</span> <span class='ocrx_word' id='word_1_150' title='bbox 682 2346 875 2416; x_wconf 67' lang='lat' dir='ltr'>expectabam..</span> <span class='ocrx_word' id='word_1_151' title='bbox 896 2352 945 2401; x_wconf 80' lang='lat' dir='ltr'>Sed</span> <span class='ocrx_word' id='word_1_152' title='bbox 967 2350 1057 2403; x_wconf 72' lang='lat' dir='ltr'>telem</span> 
     </span>
     <span class='ocr_line' id='line_1_21' title="bbox 209 2424 1054 2498; baseline -0.001 -19"><span class='ocrx_word' id='word_1_153' title='bbox 209 2459 235 2497; x_wconf 85' lang='lat'>,‚</span> <span class='ocrx_word' id='word_1_154' title='bbox 256 2426 392 2479; x_wconf 77' lang='lat' dir='ltr'>hominem</span> <span class='ocrx_word' id='word_1_155' title='bbox 411 2425 456 2493; x_wconf 83' lang='lat' dir='ltr'>qui</span> <span class='ocrx_word' id='word_1_156' title='bbox 483 2426 639 2490; x_wconf 80' lang='lat' dir='ltr'>perferret,</span> <span class='ocrx_word' id='word_1_157' title='bbox 660 2424 748 2479; x_wconf 73' lang='lat' dir='ltr'>neiirre</span> <span class='ocrx_word' id='word_1_158' title='bbox 766 2458 777 2491; x_wconf 90' lang='lat'>‚</span> <span class='ocrx_word' id='word_1_159' title='bbox 797 2443 850 2498; x_wconf 79' lang='lat' dir='ltr'>quo</span> <span class='ocrx_word' id='word_1_160' title='bbox 869 2429 1006 2480; x_wconf 88' lang='lat' dir='ltr'>meliorem</span> <span class='ocrx_word' id='word_1_161' title='bbox 1025 2424 1054 2478; x_wconf 67' lang='grc' dir='ltr'>δε</span> 
     </span>
     <span class='ocr_line' id='line_1_22' title="bbox 210 2503 1051 2575; baseline -0.002 -17"><span class='ocrx_word' id='word_1_162' title='bbox 210 2538 236 2574; x_wconf 78' lang='grc'>,,</span> <span class='ocrx_word' id='word_1_163' title='bbox 255 2506 395 2558; x_wconf 76' lang='lat' dir='ltr'>certiorem</span> <span class='ocrx_word' id='word_1_164' title='bbox 409 2517 441 2552; x_wconf 79' lang='lat' dir='ltr'>ne</span> <span class='ocrx_word' id='word_1_165' title='bbox 452 2514 543 2567; x_wconf 89' lang='lat' dir='ltr'>optere</span> <span class='ocrx_word' id='word_1_166' title='bbox 564 2503 669 2570; x_wconf 86' lang='lat' dir='ltr'>quidem</span> <span class='ocrx_word' id='word_1_167' title='bbox 692 2505 767 2570; x_wconf 80' lang='lat' dir='ltr'>potui</span> <span class='ocrx_word' id='word_1_168' title='bbox 780 2507 964 2575; x_wconf 72' lang='lat' dir='ltr'>,precipitari</span> <span class='ocrx_word' id='word_1_169' title='bbox 985 2505 1051 2559; x_wconf 82' lang='lat' dir='ltr'>libri</span> 
     </span>
     <span class='ocr_line' id='line_1_23' title="bbox 210 2578 1052 2654; baseline 0.001 -20"><span class='ocrx_word' id='word_1_170' title='bbox 210 2614 236 2653; x_wconf 87' lang='lat'>„</span> <span class='ocrx_word' id='word_1_171' title='bbox 255 2582 491 2651; x_wconf 78' lang='lat' dir='ltr'>descriptionem„</span> <span class='ocrx_word' id='word_1_172' title='bbox 505 2578 619 2631; x_wconf 54' lang='lat' dir='ltr'>stetim</span> <span class='ocrx_word' id='word_1_173' title='bbox 633 2596 663 2632; x_wconf 81' lang='lat' dir='ltr'>ec</span> <span class='ocrx_word' id='word_1_174' title='bbox 677 2582 755 2633; x_wconf 78' lang='lat' dir='ltr'>Posce</span> <span class='ocrx_word' id='word_1_175' title='bbox 768 2584 908 2636; x_wconf 73' lang='lat' dir='ltr'>Patavium</span> <span class='ocrx_word' id='word_1_176' title='bbox 921 2586 1052 2654; x_wconf 82' lang='lat' dir='ltr'>primum,</span> 
     </span>
     <span class='ocr_line' id='line_1_24' title="bbox 210 2657 1050 2728; baseline 0 -13"><span class='ocrx_word' id='word_1_177' title='bbox 210 2676 278 2715; x_wconf 79' lang='lat' dir='ltr'>mox</span> <span class='ocrx_word' id='word_1_178' title='bbox 298 2660 422 2713; x_wconf 72' lang='lat' dir='ltr'>Venetiae</span> <span class='ocrx_word' id='word_1_179' title='bbox 434 2657 556 2724; x_wconf 83' lang='lat' dir='ltr'>eppusir,</span> <span class='ocrx_word' id='word_1_180' title='bbox 577 2673 605 2709; x_wconf 85' lang='lat' dir='ltr'>v.</span> <span class='ocrx_word' id='word_1_181' title='bbox 619 2659 728 2711; x_wconf 82' lang='lat' dir='ltr'>Celend.</span> <span class='ocrx_word' id='word_1_182' title='bbox 748 2662 909 2728; x_wconf 78' lang='lat' dir='ltr'>Novembrie</span> <span class='ocrx_word' id='word_1_183' title='bbox 933 2660 1050 2725; x_wconf 79' lang='lat' dir='ltr'>eiusdem</span> 
     </span>
     <span class='ocr_line' id='line_1_25' title="bbox 210 2736 1051 2811; baseline -0.001 -19"><span class='ocrx_word' id='word_1_184' title='bbox 210 2753 256 2792; x_wconf 84' lang='lat' dir='ltr'>ec.</span> <span class='ocrx_word' id='word_1_185' title='bbox 270 2754 355 2802; x_wconf 80' lang='lat'>¹532·</span> <span class='ocrx_word' id='word_1_186' title='bbox 369 2740 530 2789; x_wconf 73' lang='lat' dir='ltr'>§contero</span> <span class='ocrx_word' id='word_1_187' title='bbox 543 2736 690 2805; x_wconf 82' lang='lat' dir='ltr'>Epistoiem</span> <span class='ocrx_word' id='word_1_188' title='bbox 703 2736 800 2805; x_wconf 81' lang='lat' dir='ltr'>dedit,</span> <span class='ocrx_word' id='word_1_189' title='bbox 821 2739 848 2790; x_wconf 82' lang='lat' dir='ltr'>in</span> <span class='ocrx_word' id='word_1_190' title='bbox 867 2755 917 2811; x_wconf 85' lang='lat' dir='ltr'>que</span> <span class='ocrx_word' id='word_1_191' title='bbox 931 2758 997 2809; x_wconf 83' lang='lat' dir='ltr'>opue</span> <span class='ocrx_word' id='word_1_192' title='bbox 1011 2740 1051 2792; x_wconf 85' lang='lat' dir='ltr'>ii.</span> 
     </span>
     <span class='ocr_line' id='line_1_26' title="bbox 211 2815 1051 2890; baseline 0.002 -20"><span class='ocrx_word' id='word_1_193' title='bbox 211 2816 257 2871; x_wconf 76' lang='lat' dir='ltr'>tec</span> <span class='ocrx_word' id='word_1_194' title='bbox 276 2815 386 2868; x_wconf 82' lang='lat' dir='ltr'>mirifice</span> <span class='ocrx_word' id='word_1_195' title='bbox 397 2815 530 2867; x_wconf 81' lang='lat' dir='ltr'>extoliere</span> <span class='ocrx_word' id='word_1_196' title='bbox 543 2830 584 2879; x_wconf 79' lang='lat' dir='ltr'>e„</span> <span class='ocrx_word' id='word_1_197' title='bbox 604 2816 672 2882; x_wconf 69' lang='lat' dir='ltr'>Quis</span> <span class='ocrx_word' id='word_1_198' title='bbox 684 2816 756 2868; x_wconf 84' lang='lat' dir='ltr'>euim</span> <span class='ocrx_word' id='word_1_199' title='bbox 768 2818 785 2881; x_wconf 92' lang='lat'>(</span> <span class='ocrx_word' id='word_1_200' title='bbox 796 2816 881 2888; x_wconf 83' lang='lat' dir='ltr'>inquit</span> <span class='ocrx_word' id='word_1_201' title='bbox 896 2829 911 2890; x_wconf 91' lang='lat'>)</span> <span class='ocrx_word' id='word_1_202' title='bbox 924 2833 950 2872; x_wconf 90' lang='lat' dir='ltr'>te</span> <span class='ocrx_word' id='word_1_203' title='bbox 963 2819 1051 2887; x_wconf 74' lang='lat' dir='ltr'>ipsum</span> 
     </span>
     <span class='ocr_line' id='line_1_27' title="bbox 210 2893 1051 2967; baseline 0.001 -20"><span class='ocrx_word' id='word_1_204' title='bbox 210 2924 236 2965; x_wconf 69' lang='lat'>,2</span> <span class='ocrx_word' id='word_1_205' title='bbox 256 2894 350 2947; x_wconf 80' lang='lat' dir='ltr'>metim</span> <span class='ocrx_word' id='word_1_206' title='bbox 366 2893 512 2960; x_wconf 80' lang='lat' dir='ltr'>exprimere</span> <span class='ocrx_word' id='word_1_207' title='bbox 536 2893 623 2959; x_wconf 86' lang='lat' dir='ltr'>potuit</span> <span class='ocrx_word' id='word_1_208' title='bbox 644 2925 656 2959; x_wconf 89' lang='lat'>‚</span> <span class='ocrx_word' id='word_1_209' title='bbox 676 2912 753 2965; x_wconf 81' lang='lat' dir='ltr'>qcem</span> <span class='ocrx_word' id='word_1_210' title='bbox 772 2907 803 2949; x_wconf 82' lang='lat' dir='ltr'>tu</span> <span class='ocrx_word' id='word_1_211' title='bbox 820 2928 832 2962; x_wconf 87' lang='lat'>,</span> <span class='ocrx_word' id='word_1_212' title='bbox 852 2915 929 2967; x_wconf 85' lang='lat' dir='ltr'>quem</span> <span class='ocrx_word' id='word_1_213' title='bbox 953 2898 1051 2965; x_wconf 77' lang='lat' dir='ltr'>scripte</span> 
     </span>
     <span class='ocr_line' id='line_1_28' title="bbox 210 2969 1051 3042; baseline 0 -17"><span class='ocrx_word' id='word_1_214' title='bbox 210 3002 236 3042; x_wconf 85' lang='lat'>„</span> <span class='ocrx_word' id='word_1_215' title='bbox 256 2984 302 3025; x_wconf 82' lang='lat' dir='ltr'>tce</span> <span class='ocrx_word' id='word_1_216' title='bbox 314 3003 326 3037; x_wconf 87' lang='lat'>,</span> <span class='ocrx_word' id='word_1_217' title='bbox 345 2987 422 3041; x_wconf 82' lang='lat' dir='ltr'>quem</span> <span class='ocrx_word' id='word_1_218' title='bbox 443 2969 507 3022; x_wconf 84' lang='lat' dir='ltr'>liber</span> <span class='ocrx_word' id='word_1_219' title='bbox 520 2970 565 3021; x_wconf 87' lang='lat' dir='ltr'>iiie</span> <span class='ocrx_word' id='word_1_220' title='bbox 577 2984 659 3036; x_wconf 79' lang='lat' dir='ltr'>tuuc,</span> <span class='ocrx_word' id='word_1_221' title='bbox 678 2990 754 3041; x_wconf 89' lang='lat' dir='ltr'>quem</span> <span class='ocrx_word' id='word_1_222' title='bbox 769 2991 813 3041; x_wconf 87' lang='lat' dir='ltr'>per</span> <span class='ocrx_word' id='word_1_223' title='bbox 827 2991 868 3026; x_wconf 89' lang='lat' dir='ltr'>me</span> <span class='ocrx_word' id='word_1_224' title='bbox 881 2976 979 3027; x_wconf 80' lang='lat' dir='ltr'>Bembo</span> <span class='ocrx_word' id='word_1_225' title='bbox 992 2975 1051 3026; x_wconf 83' lang='lat' dir='ltr'>red.</span> 
     </span>
     <span class='ocr_line' id='line_1_29' title="bbox 211 3047 1049 3121; baseline 0.002 -19"><span class='ocrx_word' id='word_1_226' title='bbox 211 3081 236 3119; x_wconf 84' lang='lat'>„</span> <span class='ocrx_word' id='word_1_227' title='bbox 254 3050 283 3102; x_wconf 86' lang='lat' dir='ltr'>di</span> <span class='ocrx_word' id='word_1_228' title='bbox 301 3047 428 3102; x_wconf 74' lang='lat' dir='ltr'>voluisti?</span> <span class='ocrx_word' id='word_1_229' title='bbox 451 3051 482 3099; x_wconf 84' lang='lat' dir='ltr'>sn</span> <span class='ocrx_word' id='word_1_230' title='bbox 503 3065 555 3118; x_wconf 87' lang='lat' dir='ltr'>quo</span> <span class='ocrx_word' id='word_1_231' title='bbox 577 3050 715 3117; x_wconf 77' lang='lat' dir='ltr'>prudentie</span> <span class='ocrx_word' id='word_1_232' title='bbox 735 3064 811 3119; x_wconf 83' lang='lat' dir='ltr'>tue,</span> <span class='ocrx_word' id='word_1_233' title='bbox 831 3054 947 3121; x_wconf 81' lang='lat' dir='ltr'>grevitce</span> <span class='ocrx_word' id='word_1_234' title='bbox 967 3085 977 3119; x_wconf 85' lang='lat'>,</span> <span class='ocrx_word' id='word_1_235' title='bbox 998 3055 1049 3104; x_wconf 84' lang='lat' dir='ltr'>do-</span> 
     </span>
     <span class='ocr_line' id='line_1_30' title="bbox 211 3125 1050 3199; baseline 0.005 -20"><span class='ocrx_word' id='word_1_236' title='bbox 211 3158 236 3199; x_wconf 84' lang='lat'>„</span> <span class='ocrx_word' id='word_1_237' title='bbox 255 3125 363 3193; x_wconf 66' lang='lat' dir='ltr'>steine,</span> <span class='ocrx_word' id='word_1_238' title='bbox 382 3125 474 3197; x_wconf 83' lang='lat' dir='ltr'>quibue</span> <span class='ocrx_word' id='word_1_239' title='bbox 487 3128 602 3178; x_wconf 72' lang='lat' dir='ltr'>maxime</span> <span class='ocrx_word' id='word_1_240' title='bbox 622 3126 901 3197; x_wconf 72' lang='lat' dir='ltr'>deseiiebtr,elccerrt</span> <span class='ocrx_word' id='word_1_241' title='bbox 921 3165 931 3198; x_wconf 85' lang='lat'>,</span> <span class='ocrx_word' id='word_1_242' title='bbox 952 3131 1002 3183; x_wconf 70' lang='lat' dir='ltr'>ire.</span> <span class='ocrx_word' id='word_1_243' title='bbox 1024 3162 1050 3197; x_wconf 85' lang='lat'>,‚</span> 
     </span>
     <span class='ocr_line' id='line_1_31' title="bbox 211 3205 1054 3281; baseline 0 -20"><span class='ocrx_word' id='word_1_244' title='bbox 211 3205 391 3275; x_wconf 70' lang='lat' dir='ltr'>Conqueritur</span> <span class='ocrx_word' id='word_1_245' title='bbox 410 3220 498 3259; x_wconf 81' lang='lat' dir='ltr'>temen</span> <span class='ocrx_word' id='word_1_246' title='bbox 519 3205 736 3276; x_wconf 82' lang='lat' dir='ltr'>eiiqueutnlum,</span> <span class='ocrx_word' id='word_1_247' title='bbox 757 3211 826 3279; x_wconf 83' lang='lat' dir='ltr'><strong>quod</strong></span> <span class='ocrx_word' id='word_1_248' title='bbox 838 3228 917 3281; x_wconf 81' lang='lat' dir='ltr'>quum</span> <span class='ocrx_word' id='word_1_249' title='bbox 936 3211 1054 3281; x_wconf 69' lang='lat' dir='ltr'>relique·</span> 
     </span>
     <span class='ocr_line' id='line_1_32' title="bbox 210 3280 1049 3355; baseline 0.004 -18"><span class='ocrx_word' id='word_1_250' title='bbox 210 3280 421 3337; x_wconf 76' lang='lat' dir='ltr'>omceeertee&amp;</span> <span class='ocrx_word' id='word_1_251' title='bbox 442 3282 594 3350; x_wconf 82' lang='lat' dir='ltr'>discipliuee</span> <span class='ocrx_word' id='word_1_252' title='bbox 615 3285 704 3352; x_wconf 76' lang='lat' dir='ltr'>dignis</span> <span class='ocrx_word' id='word_1_253' title='bbox 723 3290 858 3355; x_wconf 75' lang='lat' dir='ltr'>preconiie</span> <span class='ocrx_word' id='word_1_254' title='bbox 881 3291 994 3341; x_wconf 73' lang='lat' dir='ltr'>ornasset</span> <span class='ocrx_word' id='word_1_255' title='bbox 1017 3287 1049 3340; x_wconf 84' lang='lat' dir='ltr'>itt</span> 
     </span>
     <span class='ocr_line' id='line_1_33' title="bbox 212 3360 1050 3435; baseline 0.002 -22"><span class='ocrx_word' id='word_1_256' title='bbox 212 3363 259 3415; x_wconf 84' lang='lat' dir='ltr'>sco</span> <span class='ocrx_word' id='word_1_257' title='bbox 278 3360 371 3426; x_wconf 79' lang='lat' dir='ltr'>libro,</span> <span class='ocrx_word' id='word_1_258' title='bbox 390 3378 468 3432; x_wconf 85' lang='lat' dir='ltr'>quem</span> <span class='ocrx_word' id='word_1_259' title='bbox 481 3360 534 3428; x_wconf 89' lang='lat' dir='ltr'>ipse</span> <span class='ocrx_word' id='word_1_260' title='bbox 553 3361 603 3413; x_wconf 90' lang='lat' dir='ltr'>iter</span> <span class='ocrx_word' id='word_1_261' title='bbox 615 3380 695 3430; x_wconf 75' lang='lat' dir='ltr'>egene</span> <span class='ocrx_word' id='word_1_262' title='bbox 715 3367 884 3434; x_wconf 80' lang='lat' dir='ltr'>perlegeret,</span> <span class='ocrx_word' id='word_1_263' title='bbox 905 3364 973 3417; x_wconf 77' lang='lat' dir='ltr'>&amp;de</span> <span class='ocrx_word' id='word_1_264' title='bbox 994 3380 1050 3435; x_wconf 82' lang='lat' dir='ltr'>quo</span> 
     </span>
     <span class='ocr_line' id='line_1_34' title="bbox 209 3437 1049 3512; baseline 0.001 -20"><span class='ocrx_word' id='word_1_265' title='bbox 209 3437 275 3511; x_wconf 75' lang='lat' dir='ltr'>quis</span> <span class='ocrx_word' id='word_1_266' title='bbox 297 3437 427 3504; x_wconf 81' lang='lat' dir='ltr'>sentiret,</span> <span class='ocrx_word' id='word_1_267' title='bbox 445 3450 476 3491; x_wconf 86' lang='lat' dir='ltr'>ut</span> <span class='ocrx_word' id='word_1_268' title='bbox 488 3439 529 3490; x_wconf 88' lang='lat' dir='ltr'>isli</span> <span class='ocrx_word' id='word_1_269' title='bbox 554 3441 706 3508; x_wconf 82' lang='lat' dir='ltr'>scriberet,</span> <span class='ocrx_word' id='word_1_270' title='bbox 727 3439 805 3502; x_wconf 75' lang='lat' dir='ltr'>iussae</span> <span class='ocrx_word' id='word_1_271' title='bbox 826 3447 939 3512; x_wconf 86' lang='lat' dir='ltr'>sceret,</span> <span class='ocrx_word' id='word_1_272' title='bbox 961 3447 1049 3496; x_wconf 80' lang='lat' dir='ltr'>faccee</span> 
     </span>
     <span class='ocr_line' id='line_1_35' title="bbox 213 3516 1050 3585; baseline 0.002 -16"><span class='ocrx_word' id='word_1_273' title='bbox 213 3530 306 3569; x_wconf 82' lang='lat' dir='ltr'>temen</span> <span class='ocrx_word' id='word_1_274' title='bbox 318 3516 402 3567; x_wconf 77' lang='lat' dir='ltr'>musae</span> <span class='ocrx_word' id='word_1_275' title='bbox 414 3517 551 3569; x_wconf 81' lang='lat' dir='ltr'>iileudetee</span> <span class='ocrx_word' id='word_1_276' title='bbox 565 3518 662 3571; x_wconf 84' lang='lat' dir='ltr'>teeitere</span> <span class='ocrx_word' id='word_1_277' title='bbox 674 3522 917 3585; x_wconf 70' lang='lat' dir='ltr'>praeeriiffer.nuie</span> <span class='ocrx_word' id='word_1_278' title='bbox 928 3522 986 3574; x_wconf 79' lang='lat' dir='ltr'>Poli</span> <span class='ocrx_word' id='word_1_279' title='bbox 999 3536 1050 3571; x_wconf 79' lang='lat' dir='ltr'>ex·</span> 
     </span>
     <span class='ocr_line' id='line_1_36' title="bbox 211 3591 1049 3668; baseline 0.004 -24"><span class='ocrx_word' id='word_1_280' title='bbox 211 3591 384 3662; x_wconf 79' lang='lat' dir='ltr'>postuletioni</span> <span class='ocrx_word' id='word_1_281' title='bbox 402 3593 440 3646; x_wconf 86' lang='lat' dir='ltr'>ite</span> <span class='ocrx_word' id='word_1_282' title='bbox 457 3593 585 3647; x_wconf 82' lang='lat' dir='ltr'>setiesceit</span> <span class='ocrx_word' id='word_1_283' title='bbox 599 3598 774 3651; x_wconf 79' lang='lat' dir='ltr'>Senoccrue</span> <span class='ocrx_word' id='word_1_284' title='bbox 797 3600 826 3651; x_wconf 87' lang='lat' dir='ltr'>irt</span> <span class='ocrx_word' id='word_1_285' title='bbox 847 3600 929 3668; x_wconf 80' lang='lat' dir='ltr'>Epist.</span> <span class='ocrx_word' id='word_1_286' title='bbox 949 3615 977 3654; x_wconf 68' lang='grc' dir='ltr'>α.</span> <span class='ocrx_word' id='word_1_287' title='bbox 998 3596 1049 3648; x_wconf 86' lang='lat' dir='ltr'>lib&#39;.</span> 
     </span>
     <span class='ocr_line' id='line_1_37' title="bbox 211 3670 1048 3747; baseline 0.002 -22"><span class='ocrx_word' id='word_1_288' title='bbox 211 3685 295 3725; x_wconf 78' lang='lat' dir='ltr'>verr.</span> <span class='ocrx_word' id='word_1_289' title='bbox 313 3670 368 3726; x_wconf 83' lang='lat' dir='ltr'>det.</span> <span class='ocrx_word' id='word_1_290' title='bbox 382 3673 434 3727; x_wconf 78' lang='lat' dir='ltr'>trs.</span> <span class='ocrx_word' id='word_1_291' title='bbox 457 3674 550 3729; x_wconf 81' lang='lat' dir='ltr'>Nocte</span> <span class='ocrx_word' id='word_1_292' title='bbox 571 3674 721 3731; x_wconf 70' lang='lat' dir='ltr'>Decembri·</span> <span class='ocrx_word' id='word_1_293' title='bbox 742 3678 968 3747; x_wconf 68' lang='lat' dir='ltr'>cnmrttdieet,</span> <span class='ocrx_word' id='word_1_294' title='bbox 987 3675 1048 3727; x_wconf 84' lang='lat' dir='ltr'>ideo</span> 
     </span>
    </p>

    <p class='ocr_par' dir='ltr' id='par_1_4' title="bbox 1004 3763 1057 3807">
     <span class='ocr_line' id='line_1_38' title="bbox 1004 3763 1057 3807; baseline 0 -8"><span class='ocrx_word' id='word_1_295' title='bbox 1004 3763 1057 3807; x_wconf 74' lang='lat' dir='ltr'>etc·</span> 
     </span>
    </p>
   </div>
   <div class='ocr_carea' id='block_1_3' title="bbox 0 0 1276 4350">
    <p class='ocr_par' dir='ltr' id='par_1_5' title="bbox 0 0 1276 4350">
     <span class='ocr_line' id='line_1_39' title="bbox 0 0 1276 4350; baseline 0 1"><span class='ocrx_word' id='word_1_296' title='bbox 0 0 1276 4350; x_wconf 95' lang='lat' dir='ltr'> </span> 
     </span>
    </p>
   </div>
  </div>
 </body>
</html>
