2542 4350
369 447 595 518 narsrotre
618 447 909 533 nostratem.
1031 467 1054 540 ῃ
1115 400 1117 404 ’

212 541 277 630 ipsi
289 539 513 624 nominatim,
537 540 645 606 veliis
659 543 786 607 artibus
804 539 944 629 optimis
956 555 1058 630 etque

210 627 460 704 honestiffimis,
477 629 598 718 quibus
612 646 649 695 tu
664 634 792 718 egregie
802 630 963 718 praeditur
977 648 1055 710 ,at-

212 739 279 804 que
292 731 428 785 ornatur
441 739 497 793 es.
520 720 635 785 audire
649 717 785 807 potuisti
808 718 975 786 sublatum
990 724 1054 790 else

213 810 257 875 ad
275 804 440 874 summum
456 807 620 895 fastigium
635 824 733 874 tanta
749 808 943 896 potestatis.
957 814 1053 899 Qua·

212 919 273 969 re,
296 892 451 973 fiDms,
475 896 527 962 cui
546 897 658 963 omnia
681 900 790 965 nostra
811 895 938 983 semper
959 918 1055 966 acce·

213 1002 274 1074 pta
287 984 439 1062 tulimus,
451 987 569 1050 nostris
582 986 739 1070 cogitatis
752 985 909 1061 adfuerit,
924 987 1054 1052 inteili-

214 1089 294 1160 gent
308 1094 420 1140 omnes
438 1077 540 1150 boni,
565 1075 734 1142 fortunam
753 1087 853 1157 atque
868 1075 1056 1159 potentiam

216 1166 296 1229 bene
312 1159 471 1228 institutis
486 1163 653 1230 mentibus
666 1161 826 1249 rectisque
840 1162 959 1229 animis
975 1163 1054 1233 dare

216 1247 408 1317 facultatem
432 1252 646 1341 benignitatis
658 1251 796 1339 potius,
821 1271 919 1336 quam
941 1265 1050 1320 teme.

215 1338 328 1408 sitatis
342 1343 523 1408 exercendae
539 1386 549 1408 .
574 1341 636 1406 Sed
650 1345 715 1407 hee
729 1338 895 1430 speramus
916 1361 976 1406 nos
989 1364 1049 1407 co·
1138 1374 1140 1379 ·

216 1448 285 1494 ram
309 1431 499 1515 propediem
522 1429 704 1497 collaturos
729 1473 739 1494 .
764 1431 817 1496 Tu
845 1431 866 1492 fi
889 1427 1054 1508 valebis,

215 1516 340 1600 nosque
356 1519 425 1583 cito
437 1518 558 1585 invises
571 1563 583 1594 ,
607 1541 675 1585 rem
688 1531 875 1606 pergratam
891 1517 987 1585 nobis
1001 1519 1053 1588 fe·

216 1606 300 1671 ceris
316 1645 325 1667 ·
349 1610 477 1673 Datum
493 1611 602 1674 Romae
616 1627 701 1674 anno
712 1609 821 1694 primo
839 1649 849 1670 .

216 1813 277 1880 tv.
370 1813 547 1878 Grotacro
570 1813 675 1878 Ducr
698 1817 897 1877 saxoura.·
976 1837 978 1840 ⁴
1041 1833 1044 1838 ·

309 1950 407 2019 lledie
429 1952 515 2018 Pili.
540 1953 672 2019 Binasa
693 1971 727 2022 te
750 1952 882 2018 litteras
904 1969 987 2037 quas
1007 1952 1051 2017 ad

324 2041 431 2106 felicis
453 2043 693 2107 recordationis
713 2041 839 2117 Julium
854 2042 897 2108 11.
920 2040 1053 2106 Prede·

216 2133 369 2202 cessorem
395 2134 541 2197 nostrum
564 2129 733 2201 Nobilitas
763 2145 820 2195 tua
848 2132 1054 2208 direxerat,

216 2222 314 2287 nobis
337 2221 408 2305 post
423 2224 560 2286 eundem
577 2224 610 2285 in
635 2222 725 2305 apice
738 2219 982 2305 Apostoiatus,
1006 2216 1054 2281 li.

216 2324 269 2373 cet
294 2309 463 2375 immeritd
489 2309 680 2375 conllitutis
702 2352 715 2383 ,
738 2309 886 2373 reddidit
909 2306 1055 2374 dilettuc

217 2396 305 2460 filius
321 2396 469 2462 Thomas
484 2399 524 2460 de
540 2398 606 2463 Vio
618 2400 795 2475 Caietanus
808 2397 948 2485 Ordinis
960 2400 1055 2461 Ρη-

217 2483 403 2549 dicatorum
426 2484 599 2550 Generalis
615 2484 797 2570 Magister,
821 2483 974 2566 idemque
994 2482 1054 2551 suo

217 2569 365 2639 sermone
379 2571 515 2636 mirifice
528 2567 717 2636 subsecutus
729 2571 774 2636 eil
786 2571 1025 2637 humanitatem
1036 2600 1053 2647 a

216 2664 247 2728 ἃ
275 2658 484 2744 prudentiam
512 2655 701 2723 litterarum
727 2674 856 2723 tuarum
883 2703 895 2736 ,
929 2680 1054 2728 necnon

217 2748 364 2818 animum
387 2760 481 2811 tuum
508 2745 669 2830 integrum
694 2767 730 2811 ac
753 2748 912 2820 fidelem,
935 2770 1055 2834 perpe.

219 2850 378 2920 tuamque
392 2835 425 2900 in
437 2839 517 2901 hanc
531 2837 648 2903 Sedem
664 2836 868 2903 voluntatem
884 2834 979 2922 plane
993 2859 1057 2904 ex·

218 2922 331 3012 posuit
350 2966 362 2989 .
384 2925 466 3014 Qre
491 2926 603 2988 omnia
629 2924 725 2989 nobis
757 2942 848 3011 grata
872 2926 1056 2990 admodum

217 3015 350 3080 fuerunt
366 3031 490 3100 ,atque
505 3016 567 3077 hoc
579 3011 679 3076 etiam
696 3016 821 3099 magis,
835 3013 926 3089 nuod
940 3014 1054 3079 eadem

218 3100 367 3178 nomini,
389 3107 419 3171 a
447 3099 620 3168 nobilitati
646 3116 708 3165 ture
733 3104 794 3167 sunt
817 3101 1055 3169 consentanea-

217 3189 415 3278 Quanquam
435 3190 543 3263 enim,
566 3193 595 3257 ἃ
609 3186 781 3275 splendore
793 3196 952 3267 majorum
977 3206 1058 3255 tuo.

217 3300 312 3353 rum,
336 3279 480 3347 &animi
494 3277 641 3351 virtute,
665 3279 927 3366 amplissimisque
944 3282 1056 3343 fortu-

217 3368 272 3434 ais
284 3369 453 3441 abundes,
478 3371 506 3433 dc
523 3366 650 3452 polleas
662 3388 674 3445 ς
688 3380 796 3430 tamen
815 3367 940 3431 nnllam
954 3369 1058 3431 habe·

219 3473 295 3518 mus
308 3477 405 3539 quam
421 3454 481 3520 tibi
496 3455 663 3530 justiorem
676 3459 726 3527 ,dr
746 3455 906 3522 veriorem
924 3456 1055 3520 tribua·

219 3563 293 3606 mus
319 3545 474 3619 laudem,
497 3562 595 3624 quam
609 3544 690 3608 hauc
707 3544 740 3606 io
756 3541 918 3607 summum
941 3545 1054 3608 Deum

218 3631 356 3722 pietatis
365 3680 379 3716 ,
402 3632 480 3703 &in
493 3629 633 3718 santiam
649 3647 787 3699 matrem
805 3632 981 3701 Ecclesiam
997 3652 1056 3696 ve.

675 3720 750 3787 Aa
992 3740 1054 3797 ate
1146 3745 1161 3760 ·‘
