2542 4350
187 513 219 592 Ξ
354 517 579 590 ΕΡῙδΤΟἰΕ
601 513 899 586 ronrlflcma
1015 532 1059 583 n

217 607 366 676 lotitiam
380 609 476 674 nobis
490 609 762 694 fignificaneruut,
774 623 919 692 quorum
929 609 1059 674 utrum.

214 718 278 784 que
297 699 393 763 nobie
417 698 598 761 admodum
621 697 804 773 jucundum
824 692 916 758 fuir.
940 693 1059 775 Neque

210 788 301 854 enim
316 784 416 854 obliti
430 784 556 861 sumus,
569 784 859 870 quemadmodum
873 801 935 846 noa
951 824 962 855 ,
975 781 1058 847 dum
1126 797 1132 802 “

187 875 248 955 ι’ἰιι
263 876 446 941 minoribus
459 877 594 944 essemus
605 915 617 953 ,
640 874 804 942 amareris
822 869 951 956 semper
968 914 979 946 ,
1003 882 1059 934 at·

187 971 278 1052 'eque
291 962 515 1030 observaveris
529 985 612 1044 3uec
623 986 701 1029 vero
715 962 779 1027 tibi
791 961 827 1026 iu
844 959 983 1026 dubium
996 981 1056 1025 ver·

187 1051 412 1138 noire'potest
429 1098 440 1129 ‚
462 1067 497 1119 te
521 1052 650 1118 anobis
665 1049 789 1136 diligi,
814 1051 845 1117 dr
868 1064 1003 1134 paterna
1019 1048 1055 1114 io

187 1155 193 1216 t
207 1142 367 1210 Domino
378 1141 540 1208 charitate
553 1139 681 1206 amari.
695 1140 787 1207 Illud
801 1138 936 1223 quidem
950 1136 1055 1203 etiam

208 1230 454 1307 recordamur,
477 1250 539 1296 uor
558 1229 591 1295 in
603 1230 724 1298 nostrin
750 1229 893 1295 advertis
908 1225 1055 1292 fortunis

211 1317 343 1384 loeium
355 1318 498 1386 habuiss'e
510 1364 522 1394 ,
538 1338 602 1383 non
616 1331 651 1382 te
667 1316 802 1406 quidem
817 1359 830 1391 ,
842 1315 898 1383 sed
911 1317 1053 1404 effigiem

212 1406 318 1490 animi
341 1422 439 1493 atque
463 1405 586 1494 ingenii
607 1407 658 1472 tui
680 1407 785 1474 filium
805 1419 936 1471 tuume
958 1410 1054 1483 cuiue

214 1493 347 1571 infesti,
371 1498 482 1581 quoad
497 1500 573 1562 Deo
587 1493 714 1581 placuit
729 1542 740 1574 ,
764 1495 856 1562 casus
871 1498 901 1563 dr
914 1507 1053 1561 eventue

214 1581 316 1646 nostri
342 1587 552 1658 recordatio,
576 1584 678 1650 finon
704 1585 868 1651 mediocre
881 1583 1054 1649 vinculum

214 1668 278 1734 etse
292 1667 378 1735 solet
403 1671 635 1739 benevolentior
660 1670 882 1738 conservandae
904 1715 915 1746 ,
938 1669 1055 1735 existi·

215 1775 306 1823 mare
335 1760 459 1835 debes,
481 1763 586 1826 noe&
610 1757 846 1825 consuetudine
868 1760 999 1833 nostra,
1021 1759 1055 1825 dr
1175 1805 1179 1808 -

217 1844 289 1908 tuis
308 1846 592 1930 piurimieofficiie
608 1846 772 1912 adaunot
794 1847 857 1911 tibi
874 1849 942 1913 fore
965 1845 1055 1912 sem-

215 1954 277 2019 per
292 1934 479 2022 propitiosa
504 1955 602 2021 quam
616 1937 754 2020 quidem
770 1954 846 2022 erga
859 1950 893 2002 te
908 1949 1053 2000 mentem

214 2018 389 2098 nostram,
414 2040 649 2110 paternamque
675 2023 882 2090 voluntatem
910 2023 1052 2088 dileiiur

217 2107 309 2174 filius
323 2110 534 2179 Caraecioiur
544 2158 555 2189 ,
567 2111 635 2195 oui
649 2114 744 2179 nobit
760 2128 820 2178 tuo
830 2110 962 2179 nomine
975 2130 1053 2198 gra·

217 2196 351 2263 tulatus
363 2204 429 2277 est,
450 2203 514 2267 tibi
527 2201 658 2268 vicium
674 2204 814 2277 referre,
831 2208 861 2271 ἃ
876 2202 1053 2291 significare

217 2287 364 2375 poterit.
377 2295 507 2358 Datum
519 2288 632 2361 Rome
644 2309 729 2357 auno
741 2293 871 2383 primo.

758 2380 935 2446 sadoietus
949 2420 962 2447 e

219 2584 262 2647 X.
385 2586 503 2651 Reor
533 2580 884 2671 intrauerunt.

313 2726 410 2795 nette
426 2731 510 2794 Fili.
526 2731 701 2814 Postquam
716 2729 811 2794 nobis
825 2730 1056 2805 renuntiatum

327 2817 390 2880 t'uit
399 2862 409 2893 ,
428 2819 585 2884 diledium
598 2820 703 2882 filium
716 2818 995 2906 Bartholomaum
1009 2822 1051 2891 de
1095 2861 1098 2867 ·

218 2911 389 2981 Ainiano,
412 2929 509 2993 quem
532 2920 627 2972 antea
647 2909 799 2984 Maiestas
819 2922 875 2971 tua
890 2906 951 2975 sub
972 2909 1053 2976 diu.

218 3012 315 3065 turne
331 2997 477 3061 custodia
490 2997 694 3071 retinuerat,
717 3014 736 3057 a
753 3011 784 3061 te
808 2999 1053 3083 propemodum

220 3086 410 3151 restitutum
423 3088 483 3152 effe
494 3086 527 3149 in
543 3086 731 3151 libertatem
746 3083 969 3173 ‚latioresque
981 3090 1050 3167 iili,
1155 3089 1161 3094 ’

217 3178 248 3242 ἃ
263 3174 434 3240 liberiores
448 3178 527 3240 fines
540 3174 581 3237 ad
597 3174 779 3261 vagandum
798 3176 858 3240 esse
871 3178 1050 3259 concessum
1160 3183 1164 3208 ⁸

219 3282 420 3346 quamquam
443 3263 494 3329 illi
520 3264 599 3328 forti
627 3267 725 3339 viro,
748 3262 905 3348 nobisque
931 3267 1053 3337 multis

219 3351 404 3415 rationibus
427 3354 618 3428 contuntur,
641 3354 753 3416 omnia
775 3351 898 3437 semper
914 3357 1051 3441 optari·

220 3460 321 3512 mur,
346 3460 415 3524 qua
436 3439 531 3504 illiue
545 3443 758 3505 commodum
782 3442 1050 3528 honestatemque
1094 3524 1096 3527 Ι

220 3529 444 3613 attingerent,
468 3544 575 3594 tamen
589 3530 620 3593 in
633 3533 693 3594 hoc
711 3531 770 3592 trio
785 3526 871 3593 fatto
881 3576 892 3607 ,
904 3554 968 3599 non
983 3535 1050 3598 mi.

198 3661 202 3667 ·
221 3636 283 3682 nus
300 3616 489 3700 ingerendo
513 3616 654 3692 modun,
677 3637 777 3701 quam
801 3615 868 3705 ipsa
887 3641 939 3683 res
962 3626 1048 3707 geria

220 3705 318 3798 nobit
331 3704 456 3771 letitie
466 3725 503 3771 ac
516 3706 716 3786 iucunditati
729 3705 814 3777 fuit.
838 3707 990 3776 Sieenim
1004 3711 1047 3776 ad

668 3798 745 3865 Aa
798 3851 802 3859 .
964 3820 1047 3869 -ooe
