2542 4350
165 358 173 423 1
498 316 529 385 V
573 321 589 384 1
633 318 664 384 Τ
712 321 764 385 A:
1025 323 1047 403 7]

215 405 309 470 illam
330 405 539 471 conditionem
553 408 735 491 recusauit:
759 427 818 493 quo
827 406 912 492 stello
929 405 974 492 ὠ·
982 423 1049 493 po·

212 500 309 558 'trono
323 495 383 579 suo
401 496 492 576 fidem
509 501 553 580 (γ
577 498 706 580 officium
718 496 856 561 debitum
865 499 1022 581 prestitit
1032 540 1046 571 ,

211 584 424 668 probavitque
446 583 586 647 erunibus
605 588 744 649 animum
763 588 973 666 constantem,
1000 587 1045 668 ὼ·

216 671 337 735 nullius
362 672 429 742 rei,
439 683 659 756 preterquam
683 673 921 753 existimationis
957 672 1046 736 bonae

165 768 168 779 '
214 770 409 844 appetentem
434 760 478 841 ῤ’
504 761 668 837 cupidum.
694 765 765 830 Neu
795 765 876 824 enim
901 762 1039 826 muneris

165 829 173 935 f
214 849 352 930 dignitas
374 885 386 914 ‚
410 865 469 908 non
492 848 694 930 poeoniorum
723 849 791 932 spes
820 844 884 930 ejus
907 849 1046 914 animum

165 942 167 951 ·
208 935 331 1018 flemene
349 934 477 1015 potuit,
496 936 550 1020 sel
565 936 652 999 illico
669 935 734 1016 stne
755 937 824 997 ulla
847 937 1043 1020 hultatione

216 1019 295 1086 Polo
320 1020 502 1103 respondit,
526 1023 620 1087 molle
636 1023 764 1107 stapel
778 1024 929 1105 optineam
944 1027 1061 1108 atque‘

214 1114 299 1172 omni
311 1110 436 1170 uirtute
452 1115 622 1189 preditum
639 1113 836 1175 Cardinolem
849 1113 1042 1182 Sedunum,

215 1199 300 1278 cujus
317 1197 507 1278 jampridem
527 1203 561 1261 ire
578 1201 641 1279 fide
655 1198 725 1283 effet
746 1240 756 1269 ,
782 1203 890 1280 cuique
905 1200 945 1284 f‘.
960 1212 1039 1280 pro·

215 1285 323 1348 batum
345 1281 400 1366 effe
427 1283 617 1364 confideret,
644 1290 756 1351 uiuere
783 1328 793 1356 ‚
818 1304 907 1369 quom
933 1287 1039 1351 rotoni·

213 1375 269 1436 enit
291 1371 450 1455 proposstie
471 1375 607 1455 premiis
624 1375 659 1436 in
675 1375 733 1436 illa
760 1375 866 1437 Italia
891 1374 981 1444 luce,
1006 1371 1043 1434 ite

214 1461 385 1545 aruplifflma
397 1460 486 1522 urbis
506 1461 613 1526 Roma
637 1462 766 1523 theatro
782 1462 928 1545 uersari.

256 1545 426 1630 Mesalum
437 1545 689 1621 ftoimtffltts¹
704 1549 844 1613 Sololeti
856 1549 928 1632 ,sel
941 1549 1041 1612 etiotn
1070 1546 1072 1548 ’

214 1636 353 1698 eliorum
370 1635 587 1716 prestantium
613 1639 758 1698 uirorum
771 1639 931 1702 amicitias
945 1636 1038 1720 sum·

213 1742 263 1785 ma
281 1722 343 1802 file
367 1722 490 1784 coluit·
517 1728 600 1794 Nam
620 1727 663 1805 ῤ’
680 1725 877 1810 Franciseum
901 1727 1038 1807 Molfane

214 1811 370 1893 egregium
393 1820 515 1888 poetam
532 1814 582 1873 ita
601 1812 739 1883 dilexit,
764 1823 800 1875 ut
818 1813 902 1877 nibil
914 1811 1039 1896 supro,

214 1903 257 1980 ῤ’
276 1897 439 1980 francisco
456 1897 592 1962 Vilior-ia
607 1901 760 1962 Senatore
788 1901 968 1965 Florentino
980 1900 1040 1983 so-

215 1983 392 2048 miliariter
412 1985 484 2068 usus
503 1987 539 2068 est
554 1991 698 2057 ,adeant
722 2005 807 2050 nerem
830 2004 928 2051 aureo
941 1987 1037 2050 illa.-

214 2087 311 2136 atate
325 2074 444 2157 ingenii
459 2090 496 2133 ac
511 2076 657 2137 deliriua
671 2077 763 2138 laude
776 2077 908 2158 floreret
921 2118 933 2148 ‚
946 2093 1038 2160 quere

214 2184 273 2228 nou
289 2160 351 2245 fibi
370 2161 432 2247 ipse
461 2163 593 2226 aretinum
619 2166 731 2249 aliquo
756 2170 881 2229 ratione
909 2166 1044 2232 reterre

214 2263 408 2314 conaretur·
433 2252 516 2313 Hinc
540 2269 633 2333 quum
657 2254 697 2316 ab
711 2258 839 2316 ineunte
859 2253 1039 2337 adolescen-

213 2340 263 2401 tia
283 2339 417 2403 Petrum
442 2338 590 2403 Bernbum
622 2342 666 2423 &⁶
689 2341 901 2423 Regiualium
925 2341 1042 2407 Polum

213 2429 297 2492 uiros
313 2428 491 2490 eruditione
515 2445 551 2488 ac
572 2430 678 2491 latina
691 2429 871 2511 eloquentia
883 2430 1042 2491 excelleu-

212 2529 282 2583 tes,
303 2524 435 2600 propter
458 2512 590 2578 eximiae
615 2531 717 2577 eorum
745 2517 885 2577 uirtutes
916 2516 1042 2598 ingenti

204 2602 305 2689 fludio
329 2613 426 2685 atque
450 2617 558 2664 amore
581 2600 864 2685 eomplelleretur,
899 2603 1045 2685 nihilque

212 2692 375 2755 orientius
388 2699 573 2769 exoptaret,
597 2708 690 2774 quam
707 2688 742 2775 se
763 2692 805 2751 al
826 2707 931 2754 eorum
955 2689 1040 2752 arni·

212 2779 323 2843 citiam
341 2776 671 2864 familiaritatemque
684 2776 838 2859 confirm,
851 2777 982 2841 litteree
997 2774 1041 2839 orl

212 2865 363 2951 utrosque
389 2866 474 2928 ‹ielit
496 2867 655 2951 elegantia
678 2883 715 2928 ae
729 2865 929 2929 humanitate
944 2865 1039 2949 freon·

212 2973 264 3022 me
287 2953 498 3040 conscriptas,
518 2955 628 3039 quibus
654 2963 780 3019 tantam
810 2970 918 3021 eorum
939 2952 1042 3019 benni·

213 3063 289 3111 num
304 3043 555 3109 beneuolentiom
573 3043 636 3128 ssbi
649 3043 836 3108 conciliarit
854 3083 865 3115 ,
889 3041 1044 3130 atsiebse·

212 3132 380 3218 quentibue
401 3132 590 3215 temporibus
613 3135 745 3196 multum
769 3133 848 3216 apul
872 3150 920 3196 eee
935 3131 1042 3194 autie-

213 3222 317 3288 ritote
334 3222 379 3303 (ly
395 3223 511 3303 gratie
533 3223 654 3305 semper
682 3221 829 3283 valuerit
853 3261 864 3280 .
887 3219 977 3300 Quid
1005 3220 1043 3280 le

215 3310 280 3390 ejus
303 3325 370 3369 euru
394 3307 877 3393 Gasperecontareno,Felerico
894 3306 1044 3393 Fregofio,

214 3397 371 3477 Gregorio
384 3396 536 3478 Cortesso,
561 3397 687 3481 Joanne
702 3400 833 3459 Morono
859 3394 1044 3460 Cordinoll·

213 3482 269 3550 bue
290 3483 538 3573 preliantifflmle
560 3484 773 3633 neceffltthne
796 3484 896 3549 dicam
919 3481 933 3550 i
958 3483 1047 3549 Satie

1042 3574 1058 3627 i

677 3589 747 3659 ,t
