2542 4350
305 498 368 578 1'7'2
463 488 667 566 JAGOBI
702 489 996 562 annotttl

303 579 399 676 (tibi
414 582 500 646 enim
517 581 627 646 omnia
643 578 768 666 semper
784 582 916 645 honesta
942 586 971 648 dr
991 577 1154 668 prospera

300 671 508 759 optamus),
530 687 629 754 quam
651 667 693 729 ad
718 668 933 733 deseusrouem
947 672 1158 746 nostrorum,

304 768 337 828 sc
352 759 464 848 patria
479 755 643 830 salutem,
666 751 913 840 communisque
939 757 1119 843 diguitatis
1137 800 1150 830 .Ι

307 849 437 939 and,
460 858 553 910 utne
575 843 699 922 nobiae
722 843 862 907 nimium
886 865 966 930 egre
991 850 1021 912 Sc
1045 846 1158 913 iovite

304 942 374 1003 hee
388 935 458 1020 ipsa
477 933 692 998 uastantibus
716 934 819 997 facere
833 935 952 998 necesse
969 934 1034 1006 sn,
1051 933 1158 1000 obse.

305 1045 438 1093 cramus
460 1033 519 1099 te,
542 1021 590 1086 fili
611 1020 761 1087 carissime
773 1065 784 1095 ‚
807 1019 1000 1107 perviscera
1021 1019 1158 1087 miseri.

306 1113 427 1180 cordio
454 1111 524 1177 Dei
538 1108 661 1184 nostri,
687 1114 789 1197 &per
803 1129 875 1173 eam
898 1109 988 1196 spem
1013 1130 1084 1194 quae
1112 1112 1157 1176 da

310 1217 369 1266 tua
383 1201 531 1272 uirtute,
554 1214 725 1280 tamquam
749 1201 858 1263 futura
883 1197 1070 1264 Christiano
1085 1219 1157 1262 no.

301 1289 391 1355 ‘mini
405 1286 539 1353 salutari
554 1330 565 1360 ,
582 1285 737 1352 omnium
754 1300 879 1352 mentes
892 1301 1091 1375 occuparat,
1114 1302 1155 1352 ut

305 1377 480 1467 providere
496 1373 581 1438 velis
596 1418 606 1449 ‚
630 1394 697 1457 quo
710 1373 939 1439 immoderatis
952 1375 1157 1461 cupiditati-

232 1475 237 1483 '
308 1471 371 1532 bus
387 1465 545 1552 repulsis,
563 1467 599 1531 r&
612 1461 738 1547 aliquid
764 1465 876 1550 potius
892 1462 1026 1548 publico
1050 1465 1157 1529 Chri.

303 1554 487 1619 ,stianitatis
501 1554 587 1617 bono
601 1553 817 1616 condonando
831 1597 840 1627 ‚
854 1571 951 1636 quam
967 1552 1076 1622 omnia
1090 1556 1155 1640 (a)

295 1644 352 1708 ad
364 1657 397 1709 te
416 1643 542 1706 trahere
556 1642 730 1716 conando,
755 1640 977 1709 nuclearis&
987 1642 1157 1720 Christia·
1195 1685 1198 1698 .

311 1729 429 1798 uitari-s
453 1729 662 1794 incommoda
676 1734 707 1797 dr
719 1730 864 1817 pericula
877 1741 934 1791 tua
948 1728 1158 1795 moderatio.

314 1840 355 1884 ne
370 1819 540 1885 sedentur.
566 1818 621 1881 Est
643 1819 729 1883 enim
745 1817 807 1882 tibi
824 1819 969 1907 profesio
982 1819 1079 1896 hujus
1094 1841 1156 1884 cu.

311 1927 355 1970 roe
372 1928 455 1971 onus
477 1925 649 1972 commune
669 1905 864 1979 nobiscum,
889 1907 1029 1974 &ambo
1045 1910 1155 1973 aDeo

192 1992 195 1999 ’
310 1993 346 2060 in
360 1998 441 2059 hanc
454 1993 697 2060 solicitudinem
713 2014 772 2079 pro
797 1996 965 2059 commissis
979 1995 1157 2058 nobisho-

310 2086 448 2148 aaoribus
472 2080 584 2148 sumus
599 2081 707 2145 vocati
721 2102 738 2146 ,a
764 2081 879 2166 inquo
902 2101 964 2145 nos
989 2083 1099 2148 officio
1120 2089 1162 2168 dc·

311 2171 427 2238 debito
440 2170 570 2240 nostro,
584 2168 870 2253 aequedefuimus
883 2212 894 2242 ,
913 2191 1022 2251 neque
1046 2193 1157 2255 quan.

310 2270 383 2322 tum
406 2256 537 2335 iustitie
555 2256 772 2340 patrocinium
793 2256 981 2343 permiserit
1007 2260 1157 2328 defuturi

309 2341 449 2411 sumus.
472 2344 524 2411 Tu
547 2362 648 2419 vero,
672 2344 782 2427 srqure
796 2346 835 2411 de
850 2345 950 2411 tuain
968 2367 1081 2430 pacem
1095 2374 1159 2437 ge.

305 2432 451 2500 nera-lem
477 2429 648 2497 voluntate
679 2436 784 2521 passim
810 2435 997 2500 serebantur
1026 2457 1158 2512 ‚veras

312 2518 494 2609 prudentie
514 2521 695 2608 &pietatis
717 2520 847 2588 radices
869 2525 1033 2589 habebant
1055 2549 1068 2602 3·
1088 2532 1157 2593 ha.

311 2613 372 2677 bea
404 2611 602 2675 occasionem
625 2609 810 2677 declarandi
832 2655 842 2685 ,
861 2634 935 2697 quae
959 2610 1119 2682 sentiebas
1144 2646 1159 2696 5

311 2697 426 2764 omnia
446 2703 563 2766 vere&
578 2719 618 2763 eac
632 2700 744 2764 auimo
758 2700 878 2786 sensisse
888 2744 900 2777 ,
924 2714 1022 2785 atque
1042 2705 1158 2790 operi.

314 2786 379 2853 bus
403 2790 501 2851 verba
526 2789 792 2872 comprobando,
817 2791 1006 2875 singularem
1030 2792 1157 2875 optimi

311 2874 477 2957 Principis
500 2873 635 2938 taudem
657 2874 718 2939 tibi
739 2878 951 2961 acquirendi:
975 2880 1032 2960 qui
1044 2884 1065 2943 sr
1083 2894 1153 2945 tam

311 2964 411 3026 uobis
427 2982 503 3024 vere
516 2979 663 3026 amorem
687 2977 778 3026 tuum
797 2963 1026 3051 cupientibus,
1047 2969 1082 3031 in
1112 2968 1156 3031 si.

316 3047 458 3113 berauda
479 3046 603 3120 Italia,
625 3067 725 3129 quam
748 3051 918 3118 foederatis
941 3054 1057 3119 nostris
1082 3100 1093 3129 ,
1118 3056 1154 3123 in

314 3133 384 3199 suis
405 3131 540 3207 iustis&
561 3136 669 3219 plenis
693 3140 906 3202 humanitatis
922 3141 1154 3229 aquitatisque

313 3220 556 3310 petitionibus,
579 3219 765 3289 satisfacere
788 3227 968 3293 institueris
992 3271 1002 3301 ,
1027 3230 1089 3294 erit
1115 3232 1152 3296 id

312 3306 502 3372 serenitatis
514 3308 680 3373 turefamae
700 3315 730 3377 dc
750 3309 912 3399 sapientia
928 3317 1045 3385 melius
1061 3319 1153 3383 mus.

314 3407 352 3458 to
374 3396 651 3471 accomodatum,
675 3403 704 3465 ἃ
724 3403 794 3485 paci
811 3401 984 3472 universali
995 3449 1006 3479 ,
1028 3404 1155 3471 securi.

307 3483 442 3562 ”tatique
464 3526 474 3555 ,
498 3495 564 3546 tam
585 3508 694 3551 rerum
720 3503 849 3555 tuarum
877 3537 887 3567 ‚
915 3512 1016 3578 quarn
1043 3495 1152 3562 totius

314 3570 575 3665 Christianitatis
598 3578 701 3664 magis
725 3580 972 3652 cousentaneum
989 3622 1001 3651 .
1020 3584 1153 3651 Datum

1078 3674 1153 3740 Ro·

349 3758 402 3829 (⁸)
439 3762 561 3817 Nimiam
578 3763 644 3835 edit!
1071 3776 1143 3810 -f
