2542 4350
284 457 380 547 cxiv
449 461 644 572 Jnconr
684 457 958 544 Sinonnrr
1173 380 1192 561 i,

281 574 509 695 poenitendi
527 577 663 686 locus;
690 576 800 660 illinc
820 596 959 659 tamen
987 597 1042 658 ex
1062 570 1133 660 illo
1179 606 1184 679 ι

283 696 505 785 beatissimo
534 725 581 782 ac
611 693 888 807 jucundissimo
934 692 1030 778 vitae
1063 691 1135 779 sta·
1182 770 1187 821 μ

285 839 376 927 tu,
416 814 592 928 meisque
625 815 710 929 jam
740 812 916 901 fundatis
963 812 1136 900 consiliis
1182 852 1188 895 ι

285 940 327 1024 ὅ(
359 936 577 1022 rationibus
610 936 782 1050 migrare
799 937 962 1044 etiam,
993 961 1042 1019 ac
1075 961 1137 1042 re·
1188 1028 1192 1037 ,

271 1054 426 1144 cedere
444 1053 667 1172 compulsus
686 1053 802 1141 sum.
826 1061 1006 1141 Vocatus
1024 1053 1138 1142 enim

286 1174 339 1264 ad
371 1178 529 1267 Urbem
559 1174 728 1261 aPaulo
759 1179 847 1261 111.
876 1181 993 1262 Pont.
1018 1179 1138 1260 Max.

287 1296 360 1410 qui
392 1295 598 1383 Clementi
628 1289 885 1406 successerat,
914 1320 961 1380 ac
988 1320 1038 1379 eo
1070 1322 1139 1379 no·

288 1415 400 1505 mine
449 1437 653 1524 vocatus,
694 1437 741 1498 ut
782 1442 862 1500 una
909 1440 1005 1502 cum
1053 1413 1140 1501 aliis

290 1535 492 1624 nonnullis
522 1531 759 1621 eleeiiffimis
778 1533 908 1645 viriS,
938 1532 1141 1650 corrigen-

290 1652 353 1742 dis
393 1653 571 1741 moribus
616 1652 922 1764 sacerdotum,
959 1652 1032 1764 qui
1072 1681 1140 1740 ne·

292 1776 490 1892 gligentia
508 1773 752 1893 superiorum
771 1796 1002 1889 temporum
1018 1801 1045 1860 a
1072 1801 1142 1861 ve·

295 1899 392 1983 teris
409 1895 606 1983 curriculo
624 1893 859 1982 innocentiae
878 1893 1140 2009 deflexerant,

295 2044 461 2132 operam
480 2019 521 2102 &
550 2037 682 2130 partes
701 2043 811 2102 meas
832 2014 1141 2132 impenderem,

294 2163 390 2223 eum
421 2135 460 2221 id
490 2160 622 2247 neque
653 2134 856 2223 hominia
883 2135 985 2249 me',
1009 2165 1143 2252 neque

294 2256 352 2340 rei
382 2255 455 2369 ipsi
485 2253 674 2368 denegari
701 2254 917 2369 potuiffet;
947 2257 1058 2345 hand
1083 2258 1145 2349 ita

293 2372 428 2463 multo
459 2371 545 2488 post
575 2374 786 2463 abeodem
806 2376 1023 2485 pontifice,
1046 2406 1144 2494 prae·

296 2513 360 2581 ter
398 2523 567 2584 omnem
604 2494 769 2609 quidem
817 2494 1146 2613 experiationem

296 2642 437 2703 meam
471 2682 486 2729 ,
527 2615 570 2704 in
616 2618 903 2733 amplissimum
942 2618 1148 2710 Ordinem

296 2741 339 2825 S.
356 2740 409 2824 R.
427 2742 478 2826 E.
495 2735 772 2827 Cardinalium
789 2760 1000 2856 cooptatus
1021 2739 1111 2827 sum
1131 2799 1144 2827 .

296 2854 341 2944 Si
383 2881 650 2966 memorem,
690 2883 841 2971 quanta
880 2890 976 2948 cum
1015 2858 1147 2949 animi

295 2975 383 3061 mei
415 2974 627 3089 molestia,
660 2977 779 3066 fidem
799 2981 958 3079 fortasse
988 3011 1069 3069 non
1085 2981 1146 3069 fa·

295 3095 438 3207 ciam,
468 3096 576 3209 quod
607 3127 660 3184 ex
684 3101 968 3189 consuetudine
993 3125 1145 3191 cetero·

294 3241 390 3300 rum
430 3214 479 3302 de
510 3217 594 3318 mei
642 3220 763 3335 ipsius
793 3222 1005 3314 voluntate
1041 3219 1145 3337 judi·

296 3332 491 3421 cabitur:
525 3333 592 3421 sed
622 3359 763 3429 tamen
801 3370 877 3458 ego
915 3352 1054 3435 Deum
1086 3364 1146 3429 te·
1190 3352 1192 3357 '

297 3452 398 3541 stem
427 3454 659 3569 advocans,
689 3460 948 3577 optimafide
979 3466 1058 3552 hoc
1088 3461 1149 3549 af·

300 3574 454 3691 firmo,
485 3575 591 3666 nihii
627 3579 738 3671 mihi
767 3582 898 3671 visum
936 3587 1012 3672 esse
1043 3579 1147 3667 meis

1037 3700 1146 3817 posse
