2542 4350
600 529 682 584 26
953 509 1338 583 AN-'roml
1382 511 1945 586 FLOREBELLI

608 611 895 676 docent,
941 601 1156 689 sprevi
1216 616 1415 685 atque
1479 604 1799 668 contemti
1845 647 1864 668 .
1916 604 2097 669 Cum
2146 622 2267 670 vero

598 695 847 769 Iacobo
884 691 1199 759 Sadoleto
1223 690 1496 767 mirifice
1531 689 1943 776 jampridem
1968 693 2160 759 effem
2182 693 2271 757 de.

612 786 845 856 ditus,
892 781 1383 866 plurimumque
1429 778 1495 843 ei
1541 778 1752 847 tribui
1812 801 1853 843 a
1913 780 2270 846 doetiffimis

612 870 993 937 hominibus
1043 867 1270 935 scirem
1300 912 1325 944 ,
1370 865 1541 932 nihil
1579 865 1782 930 statui
1828 870 1961 933 efl'e
2013 889 2279 936 commo·

613 961 997 1043 diuc,quam
1030 977 1132 1023 me
1159 957 1244 1019 ad
1268 962 1410 1037 eius
1460 954 1831 1020 amicitiam
1898 973 2119 1043 atque
2151 978 2278 1023 con-

612 1047 863 1115 vicium
901 1042 1186 1111 conferre
1215 1089 1240 1121 ,
1287 1045 1402 1131 qui
1429 1064 1531 1109 me
1555 1088 1578 1119 ,
1625 1064 1771 1129 quae
1806 1050 1958 1124 eius
1992 1047 2278 1111 humaui·

613 1151 722 1211 tas
749 1135 839 1198 est
864 1138 964 1214 ,ἃ
991 1132 1381 1219 perbenigne
1410 1131 1711 1219 excepit,
1761 1136 1827 1199 81
1848 1133 1939 1196 ad
1977 1137 2276 1200 bonarum

613 1223 866 1290 artium
889 1220 1100 1285 studia
1123 1218 1442 1288 excitavit
1462 1263 1481 1284 .
1528 1222 1759 1305 ltaque
1793 1220 2008 1288 statui
2032 1229 2167 1302 jam
2190 1237 2275 1286 to-

614 1327 697 1378 to
740 1356 763 1387 ,
812 1325 889 1376 ut
929 1315 1151 1388 aiunt,
1198 1311 1454 1396 perre
1513 1309 1781 1395 posthac
1833 1311 1922 1373 ad
1993 1311 2277 1384 Philoso·
2359 1367 2362 1371 .

614 1401 845 1490 phiam
880 1398 1294 1474 incumbere,
1340 1416 1479 1481 qun·-
1532 1411 1609 1460 ut
1656 1396 1877 1462 minus
1932 1399 2276 1467 vendibilis

609 1493 696 1557 fit
719 1534 743 1565 ,
790 1507 987 1570 quam
1022 1487 1141 1558 Jus
1187 1484 1448 1561 Civile,
1494 1484 1711 1550 multo
1758 1487 2046 1568 quidem
2078 1511 2186 1577 per
2228 1486 2275 1552 se

614 1579 707 1646 est
751 1575 1017 1642 homine
1059 1574 1268 1639 libero
1311 1569 1573 1659 dignior
1617 1616 1642 1650 ,
1689 1573 1911 1639 multo
1974 1579 2273 1650 uberior,

613 1668 838 1740 multo
877 1664 963 1729 ad
1010 1661 1604 1729 commendandum
1647 1681 1888 1728 nomen
1931 1661 2275 1733 immorta-

608 1754 797 1822 litati
835 1752 1124 1818 nostrum
1147 1749 1709 1816 accommodatior
1731 1795 1750 1814 .
1780 1750 2012 1817 Habes
2045 1751 2275 1818 consilii

611 1844 747 1920 mei
800 1841 1174 1906 rationem.
1219 1837 1678 1927 Superioribus
1723 1839 1967 1904 diebus
2025 1842 2113 1904 ad
2167 1845 2277 1907 Ca-

614 1928 890 2000 millum
940 1942 1134 1992 tuum
1162 1923 1381 2014 scripti
1409 1969 1434 2000 ,
1480 1946 1685 2011 neque
1710 1931 1789 1991 ab
1821 1948 1902 1991 eo
1926 1930 2279 2014 quicquam

609 2020 829 2085 adhuc
873 2015 1248 2082 litterarum
1277 2015 1627 2082 habebam.
1674 2013 1903 2102 scripti
1957 2018 2170 2084 etiam
2213 2019 2282 2091 ad
2356 2053 2367 2066 ·

612 2104 1014 2184 Funduliurn
1037 2147 1061 2182 ,
1103 2098 1218 2167 sed
1258 2124 1532 2179 vereor,
1576 2124 1654 2169 ne
1702 2102 1761 2168 ei
1813 2104 2099 2191 epistola
2156 2129 2285 2172 mea

611 2196 876 2267 reddita
927 2195 1009 2257 fit
1058 2232 1078 2254 .
1126 2233 1149 2253 .
1199 2234 1220 2254 .
1268 2238 1289 2256 .
1334 2193 1422 2257 ad
1464 2204 1529 2257 te
1563 2191 1762 2277 misr,
1808 2209 1885 2259 ut
1929 2195 1978 2258 fi
2014 2196 2146 2262 tibi
2195 2198 2289 2263 vi,

615 2290 878 2353 deretur
906 2323 931 2354 ,
977 2295 1351 2363 quanquam
1399 2296 1473 2343 ea
1538 2318 2046 2347 ......
2096 2304 2239 2353 ares
2268 2330 2286 2355 ,

611 2381 676 2442 A
728 2385 794 2436 te
828 2367 1031 2433 etiam
1063 2408 1086 2441 ,
1130 2379 1338 2449 atque
1362 2365 1563 2430 etiam
1604 2380 1762 2450 peto
1820 2368 1916 2432 mi
1964 2372 2189 2441 Molsa
2218 2397 2288 2441 ne

617 2479 880 2554 gravere
939 2496 1311 2532 ......
1371 2454 1554 2521 omni
1603 2469 1720 2519 tuo
1774 2455 2142 2529 certiorem
2202 2464 2290 2529 fa·
2355 2486 2361 2490 ·

623 2575 771 2629 cere
799 2592 822 2623 φ
867 2542 1072 2622 Vale·

799 2633 1290 2730 Carpentorqsti
1338 2675 1362 2728 ξ
1407 2678 1430 2725 3
1479 2672 1572 2723 ι,
1621 2674 1642 2702 .
1700 2650 1886 2723 1534.

2083 3798 2283 3867 EPI-
