<?xml version="1.0" encoding="UTF-8"?>
<!DOCTYPE html PUBLIC "-//W3C//DTD XHTML 1.0 Transitional//EN"
    "http://www.w3.org/TR/xhtml1/DTD/xhtml1-transitional.dtd">
<html xmlns="http://www.w3.org/1999/xhtml" xml:lang="en" lang="en">
 <head>
  <title>
</title>
<meta http-equiv="Content-Type" content="text/html;charset=utf-8" />
  <meta name='ocr-system' content='tesseract 3.04.00' />
  <meta name='ocr-capabilities' content='ocr_page ocr_carea ocr_par ocr_line ocrx_word'/>
</head>
<body>
  <div class='ocr_page' id='page_1' title='image "./jacobisadoletie00florgoog_0210.png"; bbox 0 0 2542 4350; ppageno 0'>
   <div class='ocr_carea' id='block_1_1' title="bbox 91 252 1124 352">
    <p class='ocr_par' dir='ltr' id='par_1_1' title="bbox 91 252 1124 352">
     <span class='ocr_line' id='line_1_1' title="bbox 91 252 1124 352; baseline -0.004 -11"><span class='ocrx_word' id='word_1_1' title='bbox 91 266 146 341; x_wconf 66' lang='lat' dir='ltr'>B</span> <span class='ocrx_word' id='word_1_2' title='bbox 300 265 525 341; x_wconf 74' lang='lat' dir='ltr'>EPISTOLAE</span> <span class='ocrx_word' id='word_1_3' title='bbox 549 263 864 343; x_wconf 41' lang='lat' dir='ltr'>neutralem„</span> <span class='ocrx_word' id='word_1_4' title='bbox 948 252 989 352; x_wconf 64' lang='lat' dir='ltr'>tt</span> <span class='ocrx_word' id='word_1_5' title='bbox 1120 328 1124 337; x_wconf 86' lang='grc'>,</span> 
     </span>
    </p>
   </div>
   <div class='ocr_carea' id='block_1_2' title="bbox 91 357 988 890">
    <p class='ocr_par' dir='ltr' id='par_1_2' title="bbox 91 357 988 443">
     <span class='ocr_line' id='line_1_2' title="bbox 91 357 988 443; baseline -0.002 -18"><span class='ocrx_word' id='word_1_6' title='bbox 91 366 213 435; x_wconf 58' lang='lat' dir='ltr'>het·</span> <span class='ocrx_word' id='word_1_7' title='bbox 230 357 301 425; x_wconf 76' lang='lat' dir='ltr'>tim</span> <span class='ocrx_word' id='word_1_8' title='bbox 316 379 419 430; x_wconf 87' lang='lat' dir='ltr'>vern,</span> <span class='ocrx_word' id='word_1_9' title='bbox 442 372 543 442; x_wconf 87' lang='lat' dir='ltr'>atque</span> <span class='ocrx_word' id='word_1_10' title='bbox 566 377 736 433; x_wconf 68' lang='lat' dir='ltr'>armenem</span> <span class='ocrx_word' id='word_1_11' title='bbox 751 357 839 425; x_wconf 82' lang='lat' dir='ltr'>uelle</span> <span class='ocrx_word' id='word_1_12' title='bbox 851 376 988 443; x_wconf 76' lang='lat' dir='ltr'>gerere„</span> 
     </span>
    </p>

    <p class='ocr_par' dir='ltr' id='par_1_3' title="bbox 91 445 987 890">
     <span class='ocr_line' id='line_1_3' title="bbox 231 445 987 530; baseline -0.001 -17"><span class='ocrx_word' id='word_1_13' title='bbox 231 445 386 530; x_wconf 87' lang='lat' dir='ltr'>ultusque</span> <span class='ocrx_word' id='word_1_14' title='bbox 401 447 511 515; x_wconf 78' lang='lat' dir='ltr'>denuo</span> <span class='ocrx_word' id='word_1_15' title='bbox 525 447 689 515; x_wconf 76' lang='lat' dir='ltr'>maximoe</span> <span class='ocrx_word' id='word_1_16' title='bbox 710 446 895 521; x_wconf 71' lang='lat' dir='ltr'>concitare,</span> <span class='ocrx_word' id='word_1_17' title='bbox 917 466 987 512; x_wconf 83' lang='lat' dir='ltr'>non</span> 
     </span>
     <span class='ocr_line' id='line_1_4' title="bbox 91 533 986 623; baseline 0.003 -23"><span class='ocrx_word' id='word_1_18' title='bbox 91 535 263 611; x_wconf 57' lang='lat' dir='ltr'>§zelum</span> <span class='ocrx_word' id='word_1_19' title='bbox 287 555 305 601; x_wconf 90' lang='lat' dir='ltr'>a</span> <span class='ocrx_word' id='word_1_20' title='bbox 328 536 393 602; x_wconf 92' lang='lat' dir='ltr'>Dei</span> <span class='ocrx_word' id='word_1_21' title='bbox 411 537 582 603; x_wconf 83' lang='lat' dir='ltr'>voluntate</span> <span class='ocrx_word' id='word_1_22' title='bbox 610 538 754 601; x_wconf 88' lang='lat' dir='ltr'>alienum</span> <span class='ocrx_word' id='word_1_23' title='bbox 779 533 876 623; x_wconf 80' lang='lat' dir='ltr'>longe</span> <span class='ocrx_word' id='word_1_24' title='bbox 900 539 986 620; x_wconf 58' lang='lat' dir='ltr'>elle„</span> 
     </span>
     <span class='ocr_line' id='line_1_5' title="bbox 91 620 986 714; baseline 0.001 -25"><span class='ocrx_word' id='word_1_25' title='bbox 91 620 209 703; x_wconf 64' lang='lat' dir='ltr'>fed</span> <span class='ocrx_word' id='word_1_26' title='bbox 233 624 335 692; x_wconf 89' lang='lat' dir='ltr'>etiam</span> <span class='ocrx_word' id='word_1_27' title='bbox 348 625 388 689; x_wconf 90' lang='lat' dir='ltr'>ab</span> <span class='ocrx_word' id='word_1_28' title='bbox 400 628 522 714; x_wconf 86' lang='lat' dir='ltr'>optimi</span> <span class='ocrx_word' id='word_1_29' title='bbox 539 628 638 712; x_wconf 78' lang='lat' dir='ltr'>Regin</span> <span class='ocrx_word' id='word_1_30' title='bbox 652 626 812 710; x_wconf 81' lang='lat' dir='ltr'>dignitate</span> <span class='ocrx_word' id='word_1_31' title='bbox 822 624 839 690; x_wconf 80' lang='lat'>.&#39;</span> <span class='ocrx_word' id='word_1_32' title='bbox 856 628 910 690; x_wconf 57' lang='lat' dir='ltr'>‘Ae</span> <span class='ocrx_word' id='word_1_33' title='bbox 923 641 986 691; x_wconf 82' lang='lat' dir='ltr'>noe</span> 
     </span>
     <span class='ocr_line' id='line_1_6' title="bbox 91 711 985 800; baseline 0.001 -21"><span class='ocrx_word' id='word_1_34' title='bbox 91 712 317 800; x_wconf 51' lang='lat' dir='ltr'>attidem,</span> <span class='ocrx_word' id='word_1_35' title='bbox 342 718 498 800; x_wconf 89' lang='lat' dir='ltr'>quoniam</span> <span class='ocrx_word' id='word_1_36' title='bbox 513 717 545 780; x_wconf 89' lang='lat' dir='ltr'>in</span> <span class='ocrx_word' id='word_1_37' title='bbox 565 711 953 784; x_wconf 81' lang='lat' dir='ltr'>memoriavetlantur.et</span> <span class='ocrx_word' id='word_1_38' title='bbox 973 758 985 792; x_wconf 83' lang='lat'><strong>,</strong></span> 
     </span>
     <span class='ocr_line' id='line_1_7' title="bbox 91 802 986 890; baseline 0.003 -23"><span class='ocrx_word' id='word_1_39' title='bbox 91 820 225 890; x_wconf 62' lang='grc' dir='ltr'>,ηπ</span> <span class='ocrx_word' id='word_1_40' title='bbox 241 818 295 868; x_wconf 95' lang='lat' dir='ltr'>tot</span> <span class='ocrx_word' id='word_1_41' title='bbox 308 823 411 870; x_wconf 82' lang='lat' dir='ltr'>annot</span> <span class='ocrx_word' id='word_1_42' title='bbox 431 805 608 872; x_wconf 79' lang='lat' dir='ltr'>continuos</span> <span class='ocrx_word' id='word_1_43' title='bbox 630 825 750 890; x_wconf 84' lang='lat' dir='ltr'>magno</span> <span class='ocrx_word' id='word_1_44' title='bbox 775 802 986 870; x_wconf 77' lang='lat' dir='ltr'>cumdolore</span> 
     </span>
    </p>
   </div>
   <div class='ocr_carea' id='block_1_3' title="bbox 164 889 1093 970">
    <p class='ocr_par' dir='ltr' id='par_1_4' title="bbox 164 889 1093 970">
     <span class='ocr_line' id='line_1_8' title="bbox 164 889 1093 970; baseline -0.001 -13"><span class='ocrx_word' id='word_1_45' title='bbox 164 890 301 957; x_wconf 83' lang='lat' dir='ltr'>idimua</span> <span class='ocrx_word' id='word_1_46' title='bbox 315 938 326 968; x_wconf 93' lang='lat'><strong>,</strong></span> <span class='ocrx_word' id='word_1_47' title='bbox 351 891 493 970; x_wconf 83' lang='lat' dir='ltr'>misera,</span> <span class='ocrx_word' id='word_1_48' title='bbox 517 889 758 963; x_wconf 79' lang='lat' dir='ltr'>&amp;calamitosa</span> <span class='ocrx_word' id='word_1_49' title='bbox 783 893 985 959; x_wconf 88' lang='lat' dir='ltr'>detrimenta</span> <span class='ocrx_word' id='word_1_50' title='bbox 1086 899 1093 907; x_wconf 89' lang='lat'>&#39;</span> 
     </span>
    </p>
   </div>
   <div class='ocr_carea' id='block_1_4' title="bbox 91 979 1054 3607">
    <p class='ocr_par' dir='ltr' id='par_1_5' title="bbox 91 979 1054 3607">
     <span class='ocr_line' id='line_1_9' title="bbox 157 979 984 1069; baseline -0.001 -23"><span class='ocrx_word' id='word_1_51' title='bbox 157 979 278 1054; x_wconf 77' lang='lat' dir='ltr'>talin,</span> <span class='ocrx_word' id='word_1_52' title='bbox 301 981 387 1048; x_wconf 90' lang='lat' dir='ltr'>nihil</span> <span class='ocrx_word' id='word_1_53' title='bbox 413 983 533 1048; x_wconf 90' lang='lat' dir='ltr'>mirum</span> <span class='ocrx_word' id='word_1_54' title='bbox 556 984 623 1058; x_wconf 82' lang='lat' dir='ltr'>est,</span> <span class='ocrx_word' id='word_1_55' title='bbox 648 985 800 1069; x_wconf 76' lang='lat' dir='ltr'>tidrpro</span> <span class='ocrx_word' id='word_1_56' title='bbox 827 980 984 1068; x_wconf 85' lang='lat' dir='ltr'>pastorali</span> 
     </span>
     <span class='ocr_line' id='line_1_10' title="bbox 91 1068 981 1159; baseline -0.002 -25"><span class='ocrx_word' id='word_1_57' title='bbox 91 1068 286 1153; x_wconf 59' lang='lat' dir='ltr'>flofficim</span> <span class='ocrx_word' id='word_1_58' title='bbox 310 1071 401 1156; x_wconf 90' lang='lat' dir='ltr'>quod</span> <span class='ocrx_word' id='word_1_59' title='bbox 425 1069 619 1138; x_wconf 80' lang='lat' dir='ltr'>sustinemur</span> <span class='ocrx_word' id='word_1_60' title='bbox 631 1115 642 1146; x_wconf 85' lang='lat'>,</span> <span class='ocrx_word' id='word_1_61' title='bbox 665 1075 771 1158; x_wconf 81' lang='lat' dir='ltr'>&amp;pro</span> <span class='ocrx_word' id='word_1_62' title='bbox 794 1091 906 1136; x_wconf 89' lang='lat' dir='ltr'>amore</span> <span class='ocrx_word' id='word_1_63' title='bbox 918 1089 981 1159; x_wconf 85' lang='lat' dir='ltr'>pa-</span> 
     </span>
     <span class='ocr_line' id='line_1_11' title="bbox 91 1157 981 1247; baseline -0.003 -22"><span class='ocrx_word' id='word_1_64' title='bbox 91 1157 242 1245; x_wconf 56' lang='lat' dir='ltr'>fluite,</span> <span class='ocrx_word' id='word_1_65' title='bbox 266 1160 319 1225; x_wconf 86' lang='lat' dir='ltr'>tui</span> <span class='ocrx_word' id='word_1_66' title='bbox 337 1175 497 1247; x_wconf 82' lang='lat' dir='ltr'>tanquam</span> <span class='ocrx_word' id='word_1_67' title='bbox 520 1159 695 1234; x_wconf 80' lang='lat' dir='ltr'>nominee,</span> <span class='ocrx_word' id='word_1_68' title='bbox 718 1166 748 1230; x_wconf 77' lang='lat' dir='ltr'>tr</span> <span class='ocrx_word' id='word_1_69' title='bbox 770 1181 834 1225; x_wconf 87' lang='lat' dir='ltr'>non</span> <span class='ocrx_word' id='word_1_70' title='bbox 857 1157 981 1245; x_wconf 83' lang='lat' dir='ltr'>ingrati</span> 
     </span>
     <span class='ocr_line' id='line_1_12' title="bbox 91 1244 981 1343; baseline 0.002 -31"><span class='ocrx_word' id='word_1_71' title='bbox 91 1244 276 1343; x_wconf 45' lang='lat' dir='ltr'>„alumni</span> <span class='ocrx_word' id='word_1_72' title='bbox 302 1250 408 1315; x_wconf 81' lang='lat' dir='ltr'>affetti</span> <span class='ocrx_word' id='word_1_73' title='bbox 437 1249 579 1326; x_wconf 78' lang='lat' dir='ltr'>sumne,</span> <span class='ocrx_word' id='word_1_74' title='bbox 601 1263 693 1314; x_wconf 88' lang='lat' dir='ltr'>metu</span> <span class='ocrx_word' id='word_1_75' title='bbox 717 1247 981 1337; x_wconf 78' lang='lat' dir='ltr'>impendentium</span> 
     </span>
     <span class='ocr_line' id='line_1_13' title="bbox 94 1336 980 1419; baseline 0.001 -18"><span class='ocrx_word' id='word_1_76' title='bbox 94 1357 112 1419; x_wconf 76' lang='lat' dir='ltr'>J</span> <span class='ocrx_word' id='word_1_77' title='bbox 138 1337 314 1402; x_wconf 84' lang='lat' dir='ltr'>malorum</span> <span class='ocrx_word' id='word_1_78' title='bbox 329 1359 597 1405; x_wconf 82' lang='lat' dir='ltr'>commoremur.</span> <span class='ocrx_word' id='word_1_79' title='bbox 623 1338 780 1403; x_wconf 71' lang='lat' dir='ltr'>Vidimus</span> <span class='ocrx_word' id='word_1_80' title='bbox 793 1336 900 1413; x_wconf 91' lang='lat' dir='ltr'>enim,</span> <span class='ocrx_word' id='word_1_81' title='bbox 920 1357 980 1402; x_wconf 84' lang='lat' dir='ltr'>net</span> 
     </span>
     <span class='ocr_line' id='line_1_14' title="bbox 91 1423 982 1512; baseline -0.009 -23"><span class='ocrx_word' id='word_1_82' title='bbox 91 1462 108 1507; x_wconf 81' lang='lat' dir='ltr'>t</span> <span class='ocrx_word' id='word_1_83' title='bbox 140 1429 406 1490; x_wconf 74' lang='lat' dir='ltr'>commemorare</span> <span class='ocrx_word' id='word_1_84' title='bbox 421 1428 589 1512; x_wconf 82' lang='lat' dir='ltr'>polinmut</span> <span class='ocrx_word' id='word_1_85' title='bbox 613 1425 678 1491; x_wconf 85' lang='lat' dir='ltr'>stne</span> <span class='ocrx_word' id='word_1_86' title='bbox 701 1427 843 1497; x_wconf 91' lang='lat' dir='ltr'>dolore,</span> <span class='ocrx_word' id='word_1_87' title='bbox 868 1423 982 1488; x_wconf 83' lang='lat' dir='ltr'>maxi.</span> 
     </span>
     <span class='ocr_line' id='line_1_15' title="bbox 91 1509 983 1598; baseline 0.001 -23"><span class='ocrx_word' id='word_1_88' title='bbox 91 1536 105 1595; x_wconf 84' lang='grc'>·,</span> <span class='ocrx_word' id='word_1_89' title='bbox 143 1529 220 1576; x_wconf 82' lang='lat' dir='ltr'>mat</span> <span class='ocrx_word' id='word_1_90' title='bbox 233 1509 313 1598; x_wconf 73' lang='lat' dir='ltr'>sepe</span> <span class='ocrx_word' id='word_1_91' title='bbox 325 1512 429 1578; x_wconf 75' lang='lat' dir='ltr'>tedes</span> <span class='ocrx_word' id='word_1_92' title='bbox 445 1558 455 1588; x_wconf 92' lang='lat'><strong>,</strong></span> <span class='ocrx_word' id='word_1_93' title='bbox 470 1529 570 1598; x_wconf 89' lang='lat' dir='ltr'>atque</span> <span class='ocrx_word' id='word_1_94' title='bbox 585 1513 706 1596; x_wconf 83' lang='lat' dir='ltr'>straget</span> <span class='ocrx_word' id='word_1_95' title='bbox 720 1513 983 1578; x_wconf 87' lang='lat' dir='ltr'>Christianorum</span> 
     </span>
     <span class='ocr_line' id='line_1_16' title="bbox 91 1599 982 1687; baseline -0.002 -23"><span class='ocrx_word' id='word_1_96' title='bbox 91 1642 100 1683; x_wconf 64' lang='lat'><em>2</em></span> <span class='ocrx_word' id='word_1_97' title='bbox 144 1601 221 1666; x_wconf 83' lang='lat' dir='ltr'>lieri</span> <span class='ocrx_word' id='word_1_98' title='bbox 244 1644 255 1673; x_wconf 92' lang='lat'>,</span> <span class='ocrx_word' id='word_1_99' title='bbox 279 1600 525 1687; x_wconf 79' lang='lat' dir='ltr'>virginibusque</span> <span class='ocrx_word' id='word_1_100' title='bbox 547 1645 559 1676; x_wconf 88' lang='lat'>,</span> <span class='ocrx_word' id='word_1_101' title='bbox 580 1604 611 1668; x_wconf 80' lang='lat' dir='ltr'>tr</span> <span class='ocrx_word' id='word_1_102' title='bbox 638 1602 800 1664; x_wconf 75' lang='lat' dir='ltr'>matronis</span> <span class='ocrx_word' id='word_1_103' title='bbox 823 1599 982 1666; x_wconf 84' lang='lat' dir='ltr'>nefariam</span> 
     </span>
     <span class='ocr_line' id='line_1_17' title="bbox 91 1685 983 1776; baseline -0.001 -22"><span class='ocrx_word' id='word_1_104' title='bbox 91 1730 95 1767; x_wconf 57' lang='lat'>1</span> <span class='ocrx_word' id='word_1_105' title='bbox 143 1687 218 1754; x_wconf 73' lang='lat' dir='ltr'>vim</span> <span class='ocrx_word' id='word_1_106' title='bbox 235 1686 367 1764; x_wconf 84' lang='lat' dir='ltr'>inferri,</span> <span class='ocrx_word' id='word_1_107' title='bbox 392 1693 488 1756; x_wconf 76' lang='lat' dir='ltr'>urbes</span> <span class='ocrx_word' id='word_1_108' title='bbox 503 1711 568 1756; x_wconf 90' lang='lat' dir='ltr'>non</span> <span class='ocrx_word' id='word_1_109' title='bbox 582 1706 702 1773; x_wconf 79' lang='lat' dir='ltr'>paucas</span> <span class='ocrx_word' id='word_1_110' title='bbox 715 1689 829 1775; x_wconf 71' lang='lat' dir='ltr'>praede</span> <span class='ocrx_word' id='word_1_111' title='bbox 841 1685 983 1776; x_wconf 82' lang='lat' dir='ltr'>gladiis·</span> 
     </span>
     <span class='ocr_line' id='line_1_18' title="bbox 145 1772 1054 1866; baseline -0.001 -26"><span class='ocrx_word' id='word_1_112' title='bbox 145 1796 214 1860; x_wconf 86' lang='lat' dir='ltr'>que</span> <span class='ocrx_word' id='word_1_113' title='bbox 231 1774 345 1855; x_wconf 80' lang='lat' dir='ltr'>subiici</span> <span class='ocrx_word' id='word_1_114' title='bbox 359 1779 510 1866; x_wconf 82' lang='lat' dir='ltr'>‚&#39;‘templa</span> <span class='ocrx_word' id='word_1_115' title='bbox 523 1781 602 1844; x_wconf 89' lang='lat' dir='ltr'>Deo</span> <span class='ocrx_word' id='word_1_116' title='bbox 618 1776 799 1841; x_wconf 82' lang='lat' dir='ltr'>immortali</span> <span class='ocrx_word' id='word_1_117' title='bbox 815 1774 984 1842; x_wconf 85' lang='lat' dir='ltr'>consecra·</span> <span class='ocrx_word' id='word_1_118' title='bbox 1051 1772 1054 1780; x_wconf 84' lang='grc'><strong>’</strong></span> 
     </span>
     <span class='ocr_line' id='line_1_19' title="bbox 147 1862 985 1953; baseline -0.002 -24"><span class='ocrx_word' id='word_1_119' title='bbox 147 1877 206 1940; x_wconf 90' lang='lat' dir='ltr'>ta,</span> <span class='ocrx_word' id='word_1_120' title='bbox 219 1862 374 1950; x_wconf 83' lang='lat' dir='ltr'>sanguiue</span> <span class='ocrx_word' id='word_1_121' title='bbox 385 1910 397 1942; x_wconf 92' lang='lat'>‚</span> <span class='ocrx_word' id='word_1_122' title='bbox 420 1870 450 1936; x_wconf 82' lang='lat' dir='ltr'>de</span> <span class='ocrx_word' id='word_1_123' title='bbox 469 1865 673 1932; x_wconf 74' lang='lat' dir='ltr'>acerbiflimit</span> <span class='ocrx_word' id='word_1_124' title='bbox 686 1865 811 1953; x_wconf 74' lang='lat' dir='ltr'>rapinis</span> <span class='ocrx_word' id='word_1_125' title='bbox 834 1864 954 1930; x_wconf 81' lang='lat' dir='ltr'>violari</span> <span class='ocrx_word' id='word_1_126' title='bbox 969 1885 985 1945; x_wconf 72' lang='grc' dir='ltr'><strong><em>ς</em></strong></span> 
     </span>
     <span class='ocr_line' id='line_1_20' title="bbox 147 1952 1000 2043; baseline 0 -25"><span class='ocrx_word' id='word_1_127' title='bbox 147 1973 220 2038; x_wconf 78' lang='lat' dir='ltr'>qun</span> <span class='ocrx_word' id='word_1_128' title='bbox 246 1955 353 2030; x_wconf 86' lang='lat' dir='ltr'>talia,</span> <span class='ocrx_word' id='word_1_129' title='bbox 373 1958 405 2023; x_wconf 75' lang='lat' dir='ltr'>u</span> <span class='ocrx_word' id='word_1_130' title='bbox 419 1970 488 2020; x_wconf 90' lang='lat' dir='ltr'>tam</span> <span class='ocrx_word' id='word_1_131' title='bbox 513 1955 626 2020; x_wconf 87' lang='lat' dir='ltr'>acerba</span> <span class='ocrx_word' id='word_1_132' title='bbox 645 1954 702 2038; x_wconf 90' lang='lat' dir='ltr'>qui</span> <span class='ocrx_word' id='word_1_133' title='bbox 729 1957 859 2043; x_wconf 76' lang='lat' dir='ltr'>perpedi</span> <span class='ocrx_word' id='word_1_134' title='bbox 882 1952 1000 2028; x_wconf 85' lang='lat' dir='ltr'>sunt,·</span> 
     </span>
     <span class='ocr_line' id='line_1_21' title="bbox 146 2041 984 2131; baseline -0.006 -25"><span class='ocrx_word' id='word_1_135' title='bbox 146 2058 345 2131; x_wconf 87' lang='lat' dir='ltr'>perpetuum</span> <span class='ocrx_word' id='word_1_136' title='bbox 362 2064 537 2109; x_wconf 84' lang='lat' dir='ltr'>moerorem</span> <span class='ocrx_word' id='word_1_137' title='bbox 551 2041 634 2127; x_wconf 70' lang='lat' dir='ltr'>eqni</span> <span class='ocrx_word' id='word_1_138' title='bbox 649 2062 727 2109; x_wconf 81' lang='lat' dir='ltr'>vero</span> <span class='ocrx_word' id='word_1_139' title='bbox 739 2058 897 2130; x_wconf 86' lang='lat' dir='ltr'>egerunt,</span> <span class='ocrx_word' id='word_1_140' title='bbox 909 2044 984 2108; x_wconf 87' lang='lat' dir='ltr'>bre.</span> 
     </span>
     <span class='ocr_line' id='line_1_22' title="bbox 145 2130 1013 2220; baseline 0.002 -23"><span class='ocrx_word' id='word_1_141' title='bbox 145 2150 222 2197; x_wconf 77' lang='lat' dir='ltr'>vem</span> <span class='ocrx_word' id='word_1_142' title='bbox 242 2130 355 2220; x_wconf 82' lang='lat' dir='ltr'>adepti</span> <span class='ocrx_word' id='word_1_143' title='bbox 378 2131 642 2200; x_wconf 79' lang='lat' dir='ltr'>suntlutitiam.</span> <span class='ocrx_word' id='word_1_144' title='bbox 668 2137 778 2215; x_wconf 85' lang='lat' dir='ltr'>Atque</span> <span class='ocrx_word' id='word_1_145' title='bbox 792 2136 858 2199; x_wconf 77' lang='lat' dir='ltr'>haec</span> <span class='ocrx_word' id='word_1_146' title='bbox 878 2133 983 2197; x_wconf 85' lang='lat' dir='ltr'>stite.</span> <span class='ocrx_word' id='word_1_147' title='bbox 1011 2196 1013 2199; x_wconf 84' lang='grc'><strong>,</strong></span> 
     </span>
     <span class='ocr_line' id='line_1_23' title="bbox 148 2220 982 2308; baseline 0.002 -25"><span class='ocrx_word' id='word_1_148' title='bbox 148 2241 222 2285; x_wconf 89' lang='lat' dir='ltr'>tum</span> <span class='ocrx_word' id='word_1_149' title='bbox 241 2223 462 2308; x_wconf 73' lang='lat' dir='ltr'>expectanda,</span> <span class='ocrx_word' id='word_1_150' title='bbox 484 2220 740 2305; x_wconf 80' lang='lat' dir='ltr'>&amp;perpetienda</span> <span class='ocrx_word' id='word_1_151' title='bbox 763 2225 887 2293; x_wconf 78' lang='lat' dir='ltr'>essent,</span> <span class='ocrx_word' id='word_1_152' title='bbox 910 2241 982 2303; x_wconf 83' lang='lat' dir='ltr'>quae</span> 
     </span>
     <span class='ocr_line' id='line_1_24' title="bbox 147 2306 982 2381; baseline -0.007 -10"><span class='ocrx_word' id='word_1_153' title='bbox 147 2310 251 2374; x_wconf 82' lang='lat' dir='ltr'>armis</span> <span class='ocrx_word' id='word_1_154' title='bbox 276 2308 404 2375; x_wconf 89' lang='lat' dir='ltr'>tursum</span> <span class='ocrx_word' id='word_1_155' title='bbox 420 2308 622 2379; x_wconf 76' lang='lat' dir='ltr'>commotis,</span> <span class='ocrx_word' id='word_1_156' title='bbox 646 2306 787 2381; x_wconf 87' lang='lat' dir='ltr'>instare,</span> <span class='ocrx_word' id='word_1_157' title='bbox 810 2312 839 2374; x_wconf 79' lang='lat' dir='ltr'>tr</span> <span class='ocrx_word' id='word_1_158' title='bbox 865 2308 982 2372; x_wconf 85' lang='lat' dir='ltr'>immi.</span> 
     </span>
     <span class='ocr_line' id='line_1_25' title="bbox 147 2390 982 2469; baseline -0.018 -8"><span class='ocrx_word' id='word_1_159' title='bbox 147 2416 223 2461; x_wconf 83' lang='lat' dir='ltr'>nere</span> <span class='ocrx_word' id='word_1_160' title='bbox 235 2399 354 2464; x_wconf 81' lang='lat' dir='ltr'>necetle</span> <span class='ocrx_word' id='word_1_161' title='bbox 370 2398 470 2469; x_wconf 76' lang='lat' dir='ltr'>niret,</span> <span class='ocrx_word' id='word_1_162' title='bbox 495 2392 568 2459; x_wconf 89' lang='lat' dir='ltr'>sane</span> <span class='ocrx_word' id='word_1_163' title='bbox 584 2390 733 2458; x_wconf 83' lang='lat' dir='ltr'>miseram</span> <span class='ocrx_word' id='word_1_164' title='bbox 746 2400 794 2466; x_wconf 71' lang='grc' dir='ltr'>,ἃ</span> <span class='ocrx_word' id='word_1_165' title='bbox 807 2395 982 2459; x_wconf 72' lang='lat' dir='ltr'>calamita.</span> 
     </span>
     <span class='ocr_line' id='line_1_26' title="bbox 149 2482 980 2550; baseline -0.006 -1"><span class='ocrx_word' id='word_1_166' title='bbox 149 2487 242 2550; x_wconf 79' lang='lat' dir='ltr'>tibus</span> <span class='ocrx_word' id='word_1_167' title='bbox 272 2484 414 2550; x_wconf 88' lang='lat' dir='ltr'>nimium</span> <span class='ocrx_word' id='word_1_168' title='bbox 437 2482 602 2548; x_wconf 77' lang='lat' dir='ltr'>additiam</span> <span class='ocrx_word' id='word_1_169' title='bbox 630 2482 892 2548; x_wconf 81' lang='lat' dir='ltr'>existimaremus</span> <span class='ocrx_word' id='word_1_170' title='bbox 918 2482 980 2545; x_wconf 86' lang='lat' dir='ltr'>elle</span> 
     </span>
     <span class='ocr_line' id='line_1_27' title="bbox 146 2569 981 2660; baseline 0.001 -23"><span class='ocrx_word' id='word_1_171' title='bbox 146 2572 310 2648; x_wconf 85' lang='lat' dir='ltr'>ltaliam,</span> <span class='ocrx_word' id='word_1_172' title='bbox 333 2594 405 2660; x_wconf 74' lang='lat' dir='ltr'>qua</span> <span class='ocrx_word' id='word_1_173' title='bbox 429 2592 502 2637; x_wconf 89' lang='lat' dir='ltr'>curn</span> <span class='ocrx_word' id='word_1_174' title='bbox 529 2582 660 2658; x_wconf 86' lang='lat' dir='ltr'>propter</span> <span class='ocrx_word' id='word_1_175' title='bbox 687 2569 925 2643; x_wconf 82' lang='lat' dir='ltr'>nobilitatem,</span> <span class='ocrx_word' id='word_1_176' title='bbox 949 2574 981 2638; x_wconf 78' lang='lat' dir='ltr'>dt</span> 
     </span>
     <span class='ocr_line' id='line_1_28' title="bbox 149 2653 983 2751; baseline 0.001 -27"><span class='ocrx_word' id='word_1_177' title='bbox 149 2661 331 2751; x_wconf 85' lang='lat' dir='ltr'>principem</span> <span class='ocrx_word' id='word_1_178' title='bbox 357 2664 446 2726; x_wconf 88' lang='lat' dir='ltr'>inter</span> <span class='ocrx_word' id='word_1_179' title='bbox 472 2678 584 2724; x_wconf 87' lang='lat' dir='ltr'>omntt</span> <span class='ocrx_word' id='word_1_180' title='bbox 611 2653 760 2722; x_wconf 77' lang='lat' dir='ltr'>nationes</span> <span class='ocrx_word' id='word_1_181' title='bbox 788 2658 922 2743; x_wconf 83' lang='lat' dir='ltr'>Imperii</span> <span class='ocrx_word' id='word_1_182' title='bbox 943 2680 983 2725; x_wconf 81' lang='lat' dir='ltr'>ae</span> 
     </span>
     <span class='ocr_line' id='line_1_29' title="bbox 147 2744 981 2835; baseline -0.001 -20"><span class='ocrx_word' id='word_1_183' title='bbox 147 2772 230 2815; x_wconf 77' lang='lat' dir='ltr'>vern</span> <span class='ocrx_word' id='word_1_184' title='bbox 246 2750 432 2835; x_wconf 80' lang='lat' dir='ltr'>Religionis</span> <span class='ocrx_word' id='word_1_185' title='bbox 458 2747 625 2833; x_wconf 83' lang='lat' dir='ltr'>gloriam,</span> <span class='ocrx_word' id='word_1_186' title='bbox 647 2744 806 2813; x_wconf 77' lang='lat' dir='ltr'>immunia</span> <span class='ocrx_word' id='word_1_187' title='bbox 831 2748 981 2814; x_wconf 86' lang='lat' dir='ltr'>omnium</span> 
     </span>
     <span class='ocr_line' id='line_1_30' title="bbox 148 2834 984 2913; baseline 0.002 -13"><span class='ocrx_word' id='word_1_188' title='bbox 148 2840 313 2904; x_wconf 88' lang='lat' dir='ltr'>malorum</span> <span class='ocrx_word' id='word_1_189' title='bbox 330 2840 391 2905; x_wconf 86' lang='lat' dir='ltr'>elie</span> <span class='ocrx_word' id='word_1_190' title='bbox 405 2839 536 2905; x_wconf 86' lang='lat' dir='ltr'>deberet</span> <span class='ocrx_word' id='word_1_191' title='bbox 552 2858 564 2913; x_wconf 68' lang='grc' dir='ltr'><strong><em>ς</em></strong></span> <span class='ocrx_word' id='word_1_192' title='bbox 589 2834 692 2899; x_wconf 76' lang='lat' dir='ltr'>tantis</span> <span class='ocrx_word' id='word_1_193' title='bbox 705 2836 792 2901; x_wconf 87' lang='lat' dir='ltr'>ultra</span> <span class='ocrx_word' id='word_1_194' title='bbox 808 2838 984 2912; x_wconf 72' lang='lat' dir='ltr'>cladibus,</span> 
     </span>
     <span class='ocr_line' id='line_1_31' title="bbox 148 2924 981 2998; baseline -0.002 -6"><span class='ocrx_word' id='word_1_195' title='bbox 148 2928 179 2992; x_wconf 76' lang='grc' dir='ltr'><strong><em>ἃ</em></strong></span> <span class='ocrx_word' id='word_1_196' title='bbox 192 2927 439 2994; x_wconf 78' lang='lat' dir='ltr'>calamitatibus</span> <span class='ocrx_word' id='word_1_197' title='bbox 452 2928 497 2991; x_wconf 81' lang='lat' dir='ltr'>est</span> <span class='ocrx_word' id='word_1_198' title='bbox 511 2924 654 2998; x_wconf 74' lang='lat' dir='ltr'>anina,</span> <span class='ocrx_word' id='word_1_199' title='bbox 678 2938 714 2987; x_wconf 91' lang='lat' dir='ltr'>nt</span> <span class='ocrx_word' id='word_1_200' title='bbox 735 2924 818 2991; x_wconf 88' lang='lat' dir='ltr'>nihil</span> <span class='ocrx_word' id='word_1_201' title='bbox 837 2927 916 2990; x_wconf 92' lang='lat' dir='ltr'>addi</span> <span class='ocrx_word' id='word_1_202' title='bbox 937 2928 981 2990; x_wconf 90' lang='lat' dir='ltr'>ad</span> 
     </span>
     <span class='ocr_line' id='line_1_32' title="bbox 149 3014 982 3110; baseline 0.005 -34"><span class='ocrx_word' id='word_1_203' title='bbox 149 3015 349 3082; x_wconf 85' lang='lat' dir='ltr'>deteriorem</span> <span class='ocrx_word' id='word_1_204' title='bbox 362 3015 587 3083; x_wconf 89' lang='lat' dir='ltr'>conditionem</span> <span class='ocrx_word' id='word_1_205' title='bbox 604 3016 689 3099; x_wconf 83' lang='lat' dir='ltr'>polle</span> <span class='ocrx_word' id='word_1_206' title='bbox 703 3014 982 3110; x_wconf 64' lang='lat' dir='ltr'>videaturQnare</span> 
     </span>
     <span class='ocr_line' id='line_1_33' title="bbox 149 3101 988 3188; baseline 0.004 -20"><span class='ocrx_word' id='word_1_207' title='bbox 149 3101 196 3168; x_wconf 81' lang='lat' dir='ltr'>iis</span> <span class='ocrx_word' id='word_1_208' title='bbox 210 3107 363 3171; x_wconf 74' lang='lat' dir='ltr'>omnibus</span> <span class='ocrx_word' id='word_1_209' title='bbox 378 3109 471 3171; x_wconf 84' lang='lat' dir='ltr'>tebue</span> <span class='ocrx_word' id='word_1_210' title='bbox 483 3103 669 3174; x_wconf 60' lang='lat' dir='ltr'>adducti&amp;</span> <span class='ocrx_word' id='word_1_211' title='bbox 683 3124 751 3188; x_wconf 80' lang='lat' dir='ltr'>qun</span> <span class='ocrx_word' id='word_1_212' title='bbox 764 3106 867 3169; x_wconf 77' lang='lat' dir='ltr'>dittar</span> <span class='ocrx_word' id='word_1_213' title='bbox 879 3102 988 3171; x_wconf 83' lang='lat' dir='ltr'>nobil·</span> 
     </span>
     <span class='ocr_line' id='line_1_34' title="bbox 151 3191 984 3276; baseline 0 -23"><span class='ocrx_word' id='word_1_214' title='bbox 151 3210 216 3274; x_wconf 84' lang='lat' dir='ltr'>que</span> <span class='ocrx_word' id='word_1_215' title='bbox 230 3191 367 3275; x_wconf 85' lang='lat' dir='ltr'>inspirat</span> <span class='ocrx_word' id='word_1_216' title='bbox 386 3194 674 3260; x_wconf 70' lang='lat' dir='ltr'>maximneauttor</span> <span class='ocrx_word' id='word_1_217' title='bbox 691 3194 805 3276; x_wconf 79' lang='lat' dir='ltr'>pacit,</span> <span class='ocrx_word' id='word_1_218' title='bbox 828 3192 984 3261; x_wconf 77' lang='lat' dir='ltr'>&amp;ehari-</span> 
     </span>
     <span class='ocr_line' id='line_1_35' title="bbox 156 3278 983 3366; baseline 0 -24"><span class='ocrx_word' id='word_1_219' title='bbox 156 3278 343 3346; x_wconf 83' lang='lat' dir='ltr'>tatitDeur</span> <span class='ocrx_word' id='word_1_220' title='bbox 356 3324 367 3354; x_wconf 89' lang='lat'><strong><em>,</em></strong></span> <span class='ocrx_word' id='word_1_221' title='bbox 392 3282 456 3348; x_wconf 90' lang='lat' dir='ltr'>tibi</span> <span class='ocrx_word' id='word_1_222' title='bbox 478 3302 610 3365; x_wconf 82' lang='lat' dir='ltr'>qnoque</span> <span class='ocrx_word' id='word_1_223' title='bbox 630 3278 822 3363; x_wconf 85' lang='lat' dir='ltr'>persuadere</span> <span class='ocrx_word' id='word_1_224' title='bbox 846 3282 983 3366; x_wconf 81' lang='lat' dir='ltr'>cupien-</span> 
     </span>
     <span class='ocr_line' id='line_1_36' title="bbox 151 3369 1012 3454; baseline -0.01 -21"><span class='ocrx_word' id='word_1_225' title='bbox 151 3381 232 3441; x_wconf 80' lang='lat' dir='ltr'>ten,</span> <span class='ocrx_word' id='word_1_226' title='bbox 256 3369 458 3447; x_wconf 75' lang='lat' dir='ltr'>Maiestatem</span> <span class='ocrx_word' id='word_1_227' title='bbox 474 3387 564 3432; x_wconf 89' lang='lat' dir='ltr'>tuam</span> <span class='ocrx_word' id='word_1_228' title='bbox 579 3384 704 3451; x_wconf 88' lang='lat' dir='ltr'>quanto</span> <span class='ocrx_word' id='word_1_229' title='bbox 727 3370 892 3454; x_wconf 81' lang='lat' dir='ltr'>pnllnrnue</span> <span class='ocrx_word' id='word_1_230' title='bbox 914 3370 984 3430; x_wconf 83' lang='lat' dir='ltr'>stu.</span> <span class='ocrx_word' id='word_1_231' title='bbox 1007 3444 1012 3454; x_wconf 24' lang='grc' dir='ltr'>ι</span> 
     </span>
     <span class='ocr_line' id='line_1_37' title="bbox 151 3453 984 3607; baseline -0.007 -80"><span class='ocrx_word' id='word_1_232' title='bbox 151 3456 238 3537; x_wconf 79' lang='lat' dir='ltr'>din,</span> <span class='ocrx_word' id='word_1_233' title='bbox 259 3478 318 3545; x_wconf 81' lang='lat' dir='ltr'>per</span> <span class='ocrx_word' id='word_1_234' title='bbox 334 3455 776 3549; x_wconf 74' lang='lat' dir='ltr'>rileeramilerieordienei</span> <span class='ocrx_word' id='word_1_235' title='bbox 799 3453 984 3607; x_wconf 61' lang='lat' dir='ltr'>nottrihad·</span> 
     </span>
     <span class='ocr_line' id='line_1_38' title="bbox 926 3560 983 3607; baseline -0.035 0"><span class='ocrx_word' id='word_1_236' title='bbox 926 3560 983 3607; x_wconf 89' lang='lat' dir='ltr'>ur·</span> 
     </span>
    </p>
   </div>
   <div class='ocr_carea' id='block_1_5' title="bbox 0 0 1276 4350">
    <p class='ocr_par' dir='ltr' id='par_1_6' title="bbox 0 0 1276 4350">
     <span class='ocr_line' id='line_1_39' title="bbox 0 0 1276 4350; baseline 0 0"><span class='ocrx_word' id='word_1_237' title='bbox 0 0 1276 4350; x_wconf 95' lang='lat' dir='ltr'> </span> 
     </span>
    </p>
   </div>
  </div>
 </body>
</html>
