2542 4350
352 480 574 580 trist-otu
593 509 887 579 rourrrrcrrr:¹
996 511 1049 593 η,

210 602 366 686 dignam,
391 601 486 682 seque
499 600 691 674 uniuersalis
715 600 833 665 salutis
848 596 1009 661 fidelium
1025 644 1039 674 ,

210 696 240 756 ἃ
257 689 445 754 sannisfimae'
456 688 570 764 Fidei,
592 712 653 775 pro
667 687 720 752 sua
736 689 821 774 regia
837 706 927 769 parte
943 731 954 760 ,
981 702 1043 768 pa-

210 795 341 842 tronum
362 779 572 863 profiteatur,
596 781 711 841 ducem
726 775 757 840 se
782 787 920 860 prebeat
937 793 1041 857 ,opes

210 865 460 952 potentiamque
492 865 580 930 suam
605 870 680 930 Deo
706 862 928 948 omnipotenti
952 908 961 937 ,
987 859 1037 924 tui

209 952 352 1018 nominis
382 952 656 1026 immortalitati,
681 948 813 1014 suorum
835 949 1037 1034 posterorum

211 1036 379 1105 securitati
404 1039 533 1104 dedicet
556 1060 569 1115 3
592 1061 652 1104 nec·
675 1038 813 1099 omittat
836 1037 1039 1100 oicafionent

210 1129 320 1198 hanc,
342 1143 408 1206 qua
430 1169 441 1198 ‚
464 1129 552 1188 hoste
579 1142 691 1188 contra
712 1144 772 1186 nos
798 1138 953 1197 armato,
976 1137 1037 1186 aut

211 1212 378 1276 clariiirma
391 1213 525 1274 victoria
535 1212 687 1294 parienda
703 1255 712 1284 ,
726 1226 784 1275 aut
801 1230 915 1296 magna
928 1211 1041 1292 aliqua

211 1298 385 1364 calamitas
400 1299 607 1384 accipienda.
632 1302 839 1390 Qamquam
856 1343 866 1372 ,
890 1301 910 1360 sr
927 1304 954 1364 u
969 1299 1042 1362 ani·
1133 1369 1140 1379 K

214 1408 269 1450 mo
282 1391 310 1453 u
323 1388 447 1450 viribus
462 1408 534 1449 eum
548 1405 735 1471 promptum
750 1388 939 1450 habebimus
955 1403 1039 1458 ῥεκ-

213 1473 379 1558 ploratum
394 1478 433 1539 srt
451 1474 544 1536 nobis
559 1474 596 1536 de
607 1474 760 1537 victoria:
777 1492 813 1536 ut
826 1474 954 1555 aliquid
978 1475 1040 1532 da-

214 1561 282 1623 mni
302 1561 495 1635 subeamus,
520 1561 647 1623 hostilis
667 1560 729 1624 erit
755 1564 884 1634 virtus;
905 1560 959 1624 sed
982 1580 1045 1620 no-

213 1647 301 1725 stra,
325 1651 346 1710 sr
372 1649 584 1720 cenabimus,
607 1647 806 1731 negligentia
824 1645 1044 1709 extimescen-

215 1735 257 1795 da
275 1778 286 1796 .
311 1738 338 1797 A
354 1734 495 1798 consiliis
509 1735 607 1818 igitur
621 1734 661 1793 ad
677 1735 757 1795 fatie
772 1734 962 1795 veniendum
977 1775 986 1803 ,
1007 1735 1040 1800 de

215 1834 292 1884 tota
316 1824 455 1905 urgenda
478 1843 530 1883 res
554 1824 622 1893 est,
646 1819 678 1882 in
703 1840 770 1902 quo
788 1833 881 1882 tanto
910 1819 1042 1884 enixius

215 1909 370 1973 volumus
391 1909 555 1972 elaborare
570 1907 657 1972 Cirr.
679 1921 794 1980 tuam,
819 1910 943 1990 quantd
967 1926 1044 1970 cum

215 1996 376 2060 constanti
400 1994 543 2060 sermone
563 1997 686 2057 adnot
711 1997 898 2081 perfertur,
922 1999 1044 2079 Regem

216 2081 343 2166 ipsum,
363 2085 395 2148 dc
405 2085 483 2168 pio,
507 2079 704 2163 &generoso
727 2085 964 2148 inflammatum
982 2081 1045 2144 eise

217 2169 325 2234 studio
346 2174 443 2250 hujus
460 2167 634 2237 sanuiffimi
660 2170 739 2236 belli
761 2169 953 2255 suscipiendi
966 2188 977 2247 ;
1001 2168 1045 2233 de

214 2280 284 2342 quo
297 2261 424 2347 agimus
437 2280 496 2323 uos
507 2259 639 2341 quidem
649 2252 724 2323 Deo
738 2258 956 2345 omnipotenti
972 2277 1047 2342 gra·

218 2349 313 2420 tias,
335 2350 393 2432 qui
416 2347 567 2432 spiritum
595 2346 662 2410 veti
694 2347 817 2412 consilii
843 2362 936 2409 tanto
966 2343 1048 2427 Regi

185 2468 192 2478 ·
217 2432 374 2518 inspiret,
399 2434 452 2500 sed
469 2438 497 2497 dr
512 2433 610 2517 ipfius
623 2434 793 2496 Serenitati
807 2435 963 2495 habentur
979 2451 1051 2493 rna·
1149 2465 1160 2472 -

217 2520 352 2586 ximat:
373 2526 439 2584 buc
467 2520 554 2582 euim
578 2516 653 2582 suut
677 2533 831 2606 perpetua
860 2516 1002 2589 salutis,
1020 2520 1052 2583 ἃ

218 2606 330 2693 gloria
352 2610 582 2677 fundamenta,
606 2604 726 2685 quibus
750 2607 770 2666 fi
798 2605 904 2665 adhuc
930 2602 1053 2666 viridis
1142 2672 1147 2680 ‚

219 2700 289 2771 ejus
302 2709 381 2757 etas
395 2693 574 2763 innitetur,
598 2688 680 2750 nihil
694 2691 757 2753 erit
773 2688 906 2752 inomni
924 2688 1052 2773 magni·

219 2781 337 2844 tudine
353 2770 684 2862 tam'amplum,quod
701 2777 768 2863 ipse
781 2775 837 2839 irbi
854 2774 1053 2862 promittere

218 2888 283 2931 non
301 2870 414 2951 potfit.
438 2866 498 2927 Sed
513 2862 708 2943 &quoniam
732 2886 773 2929 ex
802 2882 914 2947 magna
927 2864 1055 2929 Turta·

220 2972 295 3016 rum
319 2955 410 3016 claffe
425 2953 598 3018 verendum
617 2951 689 3023 est,
712 2973 749 3014 ne
766 2951 964 3035 perreliqua
986 2948 1053 3013 otii

224 3040 403 3125 impatiens
415 3079 435 3113 r
450 3041 627 3123 preditum
642 3083 651 3111 ,
664 3042 693 3104 ἃ
707 3038 902 3125 populatum
917 3062 974 3125 per
985 3056 1058 3100 ma·

220 3128 268 3190 ria
283 3132 344 3201 ,dr
362 3129 476 3191 littora
490 3127 598 3190 nostra
607 3125 775 3202 discurrat
790 3147 806 3203 ς,
826 3140 953 3209 gratum
976 3125 1056 3187 effet

222 3214 319 3278 nobit
330 3259 342 3289 ‚
364 3221 393 3281 u
417 3212 621 3299 reipublice,
644 3233 806 3297 regnoque
833 3212 892 3277 suo
906 3232 1058 3277 commo·

177 3363 180 3388 1
223 3302 302 3364 dum
319 3343 329 3372 ,
353 3319 391 3365 ut
403 3300 530 3385 aliquid
545 3301 676 3365 haberet
691 3297 757 3385 ipse
775 3302 808 3363 in
826 3299 877 3364 his
899 3300 967 3362 oris
985 3317 1058 3361 ma·
1128 3341 1130 3345 -

224 3386 348 3449 ritimis
373 3386 478 3453 italie
500 3408 537 3452 ac
557 3386 694 3459 Sicilie,
719 3386 842 3450 idonea
871 3388 990 3457 clasis,
1014 3384 1058 3447 ad

227 3474 401 3535 arcendum
429 3474 585 3549 hostem,
610 3471 738 3555 suisque
769 3476 864 3536 rebus
889 3472 1061 3557 presidia,

231 3559 349 3623 nostris
367 3557 492 3633 etiam,
514 3562 536 3623 sr
559 3580 644 3643 opus
669 3562 768 3631 enee,
791 3558 888 3622 ferret
901 3561 1034 3626 ,auxilia
1049 3600 1061 3623 .

227 3646 290 3737 Sed
316 3667 378 3714 uos
402 3644 531 3737 iugenio
554 3646 770 3734 &prudentia
792 3658 858 3709 tue
873 3647 1061 3711 committi-

705 3734 782 3799 Dt
990 3748 1071 3796 mut

804 3913 816 3954 t
