2542 4350
91 470 116 539 f
240 473 470 544 EPISTOLAE
502 476 791 547 PONTIFICIAE.
895 490 959 566 165

91 564 230 651 suntor
253 611 265 644 ,
289 566 413 654 nosque
435 569 527 654 apud
547 584 580 633 te
606 567 848 657 suspicionibus
880 571 964 639 srni·

91 656 194 725 issris
217 676 351 747 onerare
376 677 440 722 non
460 659 641 726 desinerent
653 682 666 737 3
692 681 749 726 nec
771 677 965 746 reputantes

91 768 98 811 r
115 746 202 834 quid
216 747 359 812 officium
379 747 526 814 nostrum
548 749 717 834 honosque
741 747 958 835 deposceret,

91 860 93 901 5
117 836 247 904 vellent
269 859 330 902 nos
347 835 455 902 secum
475 838 508 903 in
530 860 628 905 omne
648 837 843 913 confilium,
868 841 962 926 quod

114 923 191 992 illis
217 925 363 1011 placeret
373 968 384 999 ,
409 948 503 993 ruere
530 920 743 1015 praeeipitem
767 942 870 1013 atque
897 930 957 995 ubi

115 1015 265 1105 primum
296 1015 501 1080 moderatius
530 1022 562 1084 dr
594 1015 863 1101 circumspectius
898 1039 963 1084 nos

116 1102 364 1172 contineremus
391 1148 402 1178 ,
433 1106 582 1170 omnium
610 1104 854 1194 praeteritorum
886 1109 962 1172 nffi.

116 1193 246 1260 ciorum
271 1195 396 1278 periret
421 1195 525 1277 gratia
548 1215 559 1260 s
586 1195 708 1279 quibus
743 1209 780 1259 tu
806 1195 961 1282 profesio

116 1280 195 1348 fidei
214 1282 325 1346 multo
352 1281 526 1370 plusquam
550 1287 767 1370 conueniebat
786 1286 956 1351 habebas.
994 1321 1012 1330 ⁹

115 1370 250 1438 Deinde
274 1371 306 1435 in
322 1375 445 1437 Senensi
458 1373 596 1439 ciuitate
619 1398 735 1442 omnes
764 1376 860 1440 nobis
875 1374 962 1437 ami·

117 1463 227 1527 c'osdc
255 1461 430 1527 benivolos
456 1477 549 1527 tanta
570 1478 705 1531 tuorum
736 1464 899 1529 acerbitas
928 1465 959 1531 St

118 1547 282 1633 iniquitas
299 1548 454 1615 insesiata
468 1552 514 1617 est
531 1597 539 1627 ,
564 1567 601 1616 ut
626 1550 846 1618 exterminata
862 1550 958 1616 omni

117 1658 199 1725 pene
222 1638 400 1704 nobilitate
427 1683 438 1715 ,
461 1640 668 1723 cedibusque
693 1638 809 1703 multis
827 1639 958 1714 sestis,

119 1725 206 1792 nibil
234 1731 325 1793 fieret
340 1731 515 1817 apertius,
539 1750 639 1814 quant
660 1748 715 1792 eas
735 1726 959 1794 contumelias

119 1818 150 1883 dc
175 1815 355 1902 opprobria
379 1820 473 1885 nobis
505 1819 581 1905 ipss
608 1816 747 1904 impingi
762 1837 774 1893 ς
796 1837 872 1880 cum
899 1838 961 1882 noe

117 1904 332 1994 patientia&
359 1907 634 1979 dissrmulatioue,
658 1922 759 1990 atque
781 1921 819 1968 ut
844 1925 960 1970 omnes

120 1993 292 2059 modestiae
307 2010 419 2079 partes
436 2017 510 2082 erga
527 1995 803 2064 reservaremus,
828 1993 961 2067 nullum

121 2082 218 2146 aliud
242 2085 422 2149 remedium
439 2100 492 2149 tot
507 2085 731 2149 innocentium
753 2080 963 2148 calamitati·

123 2173 190 2238 bus
209 2172 299 2238 nisra
319 2188 350 2237 te
365 2172 690 2263 ipsoquaesrffemus3
714 2171 804 2258 quod
826 2187 961 2239 tantum

119 2263 233 2329 abfuit
255 2276 292 2326 ut
307 2267 535 2348 prestaretur,
560 2280 598 2327 ut
619 2262 773 2347 quotidie
796 2267 890 2350 pejus
905 2276 960 2329 at·

121 2374 185 2436 que
207 2354 354 2417 acerbius
372 2352 424 2417 isli
446 2352 478 2416 in
504 2354 615 2417 clades
641 2350 872 2418 benivolorum
896 2374 960 2418 no·

119 2441 258 2506 sitorum
281 2485 292 2516 ,
316 2445 345 2508 ἃ
369 2442 513 2509 nostrum
537 2443 683 2507 dedecus
710 2444 959 2524 grassarentur.

119 2529 273 2597 foederis
288 2545 398 2594 autem
416 2531 517 2615 ipsrus
532 2543 587 2591 tua
599 2528 734 2604 reiectio
751 2574 761 2602 ,
786 2529 878 2612 quod
894 2548 961 2594 noe

119 2641 194 2685 cunr
209 2619 276 2683 tuis
289 2618 533 2683 Oratoribus&
554 2617 672 2698 agendi
688 2615 880 2681 facultatem
895 2619 957 2679 ha-

94 2759 100 2768 .
120 2708 276 2775 bentibus
302 2705 429 2779 isium,
454 2704 654 2769 &adiietto
676 2702 747 2767 filio
761 2703 867 2770 nobili
886 2705 958 2772 viro

120 2796 247 2865 Caroio
275 2796 329 2859 De
365 2794 396 2857 sa
429 2796 508 2877 Noy
544 2796 700 2879 Vicerege
732 2792 958 2879 Neapolitano
1027 2838 1029 2844 r

121 2885 376 2972 comprobatum
406 2884 434 2948 dr
462 2880 661 2947 ratificatum
691 2903 752 2968 pro
778 2882 954 2946 firmiffimo

123 2976 360 3046 habebamus,
385 2991 460 3034 cum
484 2974 554 3051 eius
582 2993 647 3037 non
678 2987 752 3047 ,tarn
777 2970 958 3037 ratificatio

121 3064 181 3128 abs
207 3079 240 3127 te
264 3106 275 3137 ‚
299 3080 398 3145 quam
423 3062 580 3125 executio
601 3059 671 3126 suia
697 3061 958 3147 expesiaretur,

122 3151 207 3237 quid
230 3152 364 3216 tandem
389 3148 451 3213 tibi
466 3170 543 3236 erga
568 3172 630 3215 nos
648 3150 751 3215 animi
777 3150 960 3215 esseosten·

123 3240 207 3306 dit?
233 3263 305 3305 cuns
325 3243 345 3306 sr
362 3238 442 3323 quid
459 3238 492 3301 in
516 3239 577 3304 islo
602 3261 662 3328 pro
685 3256 718 3305 te
735 3240 833 3313 esset,
858 3235 892 3301 id
915 3239 959 3301 li.

125 3334 239 3398 beuter
253 3328 470 3403 adscisceres3
495 3328 528 3393 in
543 3350 610 3414 quo
622 3350 703 3395 vero
717 3345 775 3393 aut
797 3326 959 3411 dignitati

122 3420 239 3488 nostras
265 3433 324 3483 aut
344 3420 522 3483 commodo
544 3417 757 3486 inserviretur
782 3460 792 3488 ,
817 3418 851 3481 id
873 3418 924 3482 inf
940 3449 960 3468 ·

125 3513 214 3574 &um
229 3508 426 3589 irritumque
440 3507 628 3572 dimitteres
644 3530 656 3579 e
682 3511 761 3571 srcot
779 3506 812 3570 in
827 3506 868 3567 iis
886 3526 957 3588 que

123 3597 300 3687 separatim
324 3596 479 3684 stipulata
495 3598 649 3678 fuerant,
674 3593 774 3681 spolii
800 3594 961 3659 videlicet

122 3704 284 3771 terrarum
309 3676 345 3762 ἅ
365 3686 516 3756 locorum
546 3684 642 3756 Sedis
664 3683 862 3779 Apostolicoe
884 3685 961 3840 ³150&

843 3791 887 3842 -8
937 3800 958 3841 ⁴.
