2542 4350
348 479 375 543 E
401 481 424 544 Ρ
450 480 466 545 Ι
491 480 511 544 S
534 481 563 549 Τ
588 480 621 547 Ο
646 481 671 545 L
696 482 758 546 Ε.
933 505 975 566 39

142 563 183 629 rie
202 585 238 631 ea
265 567 327 633 tibi
351 569 534 631 mandanda
559 571 742 633 accuratius
767 569 866 636 etiam
887 572 980 638 at'iu.

141 671 213 716 tum
237 658 297 719 eise
313 652 344 719 se
356 656 524 725 ostendit:
549 657 691 721 omniuo.
716 672 753 722 ut
775 660 906 724 facilius
923 663 982 726 de·

139 740 275 808 liberare
292 744 334 807 de
347 745 403 806 hac
418 765 450 807 re
468 745 559 831 potiit
576 765 587 821 ς
603 766 719 809 munus
737 748 770 809 id
793 747 901 812 multo
914 752 977 812 ho.

136 831 259 894 nestiu's
280 831 347 904 est,
372 851 469 912 quam
496 831 716 917 quaestuosus,
741 834 795 898 sed
813 839 889 901 vitae
905 857 976 920 qua

139 917 210 980 iliis
227 919 259 982 in
285 918 366 981 locis
380 920 510 1004 degitur
526 921 645 1003 quies,
670 921 811 1006 regionis
837 926 980 990 amoeni·

141 1019 217 1079 tas,
243 1024 356 1068 eorum
379 1029 447 1087 qrrae
472 1006 513 1068 ad
527 1009 647 1072 vietum
673 1009 838 1093 pertinent
854 1015 973 1094 copia,

135 1091 363 1178 imprimisque
378 1093 547 1158 hominum
563 1093 792 1178 hospitalitas,
818 1119 889 1183 que
903 1099 975 1166 laus

139 1186 209 1257 ejus
229 1184 358 1264 gentis,
385 1197 421 1244 ut
448 1182 527 1245 mihi
544 1183 678 1264 quidem
703 1185 835 1250 videtur
859 1231 869 1261 ‚
894 1211 973 1273 pro·

139 1271 208 1355 pria
225 1269 293 1343 est,
318 1270 438 1352 quouis
456 1271 576 1351 quaestu
601 1270 728 1334 homini
751 1271 929 1356 praesertim
955 1293 974 1338 a

141 1355 222 1421 lucri
248 1359 432 1443 eupiditate
453 1363 481 1425 tr
509 1358 688 1424 ambitione
706 1374 848 1432 remoto,
862 1361 977 1448 potio·

139 1466 172 1509 ta
209 1447 474 1529 optabilioraque
519 1447 576 1511 esse
609 1447 763 1511 debent·
796 1449 856 1513 Sed
892 1447 974 1532 quid

141 1534 266 1597 consilii
293 1536 354 1598 tibi
379 1533 571 1618 capiendum
589 1548 708 1621 putes,
731 1555 792 1618 pro
818 1550 874 1599 tua
896 1559 976 1623 pru·

140 1621 250 1684 dentia
278 1621 345 1707 ipse
360 1621 505 1684 statues.
532 1625 583 1686 De
600 1621 718 1684 studiis
734 1625 858 1687 Sacrati
872 1622 977 1687 nostri

139 1708 272 1791 ejusque
296 1712 334 1771 ad
366 1710 523 1772 virtutem
548 1710 794 1792 doctrinamque
824 1710 975 1797 progres-

109 1840 111 1845 ,
141 1795 189 1869 su,
202 1817 270 1879 quae
283 1796 409 1871 scribis,
421 1817 456 1862 ea
474 1799 569 1862 nobis
583 1797 801 1876 jucundiffima
815 1801 972 1864 fuerunt.

139 1886 314 1950 Sadoletus
349 1884 409 1949 tibi
446 1885 682 1969 ‚reliquisque
712 1886 768 1967 qui
803 1889 874 1951 istic
897 1887 973 1951 sunt

139 1973 256 2035 amicit
290 1972 358 2037 suit
405 1974 555 2039 Mattheo
587 1972 781 2047 Dandum,
817 1976 975 2047 Lazaro,

138 2058 305 2144 Rulloque
333 2060 473 2145 optimis
499 2059 749 2143 doetiomisque
781 2062 974 2131 hominibus

140 2146 280 2215 salutem
300 2147 476 2237 plurimam
499 2151 638 2219 scribit.
662 2149 766 2218 Vale.

317 2286 344 2347 Ε
370 2284 434 2349 ΡΙ
458 2291 477 2350 S
500 2288 530 2353 T
553 2289 586 2353 Ο
610 2287 636 2351 1.
659 2287 691 2348 A
735 2290 796 2354 tx.

146 2380 149 2387 ·
223 2372 274 2433 Ar.
298 2371 573 2439 Ravuuaumss.
597 2376 718 2439 cano.
741 2377 892 2440 Brenno.

164 2464 212 2525 De
229 2460 287 2545 suo
312 2464 407 2547 deque
433 2464 610 2527 Cardinulir
627 2466 770 2527 Sadoieti
785 2466 868 2547 statu
886 2465 950 2550 μβ

241 2552 384 2615 reditum
408 2567 424 2611 e
448 2552 577 2618 Gallica
600 2552 775 2635 Legationc
798 2569 867 2615 turn

415 2642 583 2707 certiorem
601 2637 711 2723 fucit.

220 2767 472 2835 Erereudiffrnto
494 2773 525 2837 ἃ
550 2768 763 2837 tllunriffirno
789 2767 977 2854 signore&

111 2889 115 2895 ·
241 2856 364 2942 padron
390 2857 463 2922 mio
483 2857 702 2924 colendiffimo
727 2899 737 2921 .
762 2859 889 2922 Merene
915 2858 974 2921 che

139 2946 174 3010 ia
200 2943 365 3030 legatione
391 2944 425 3007 di
446 2944 634 3031 Monsrgnor
659 2942 728 3008 mio
751 2942 900 3011 edurata
912 2964 925 3023 3
940 2939 981 3009 ·st

142 3035 180 3098 io
207 3053 269 3097 uon
290 3031 333 3096 ho
362 3031 462 3116 prima
483 3035 541 3097 cire
554 3032 661 3097 adeffo
675 3030 792 3097 scritto
815 3035 890 3100 aV·
909 3030 977 3116 δῖε.

140 3115 369 3187 Reuerendiss.
393 3116 536 3192 estato,
560 3118 675 3207 perche
698 3133 792 3185 tutto
816 3119 841 3184 il
866 3133 981 3205 tempo

144 3210 202 3272 che
218 3211 366 3279 havera,
391 3228 446 3272 tto
458 3205 785 3293 rforzatospenderlo
801 3228 822 3271 o
846 3207 879 3272 in
890 3205 984 3291 vitg-

169 3296 178 3358 i
196 3316 241 3368 ,ο
253 3295 307 3359 nel
321 3292 459 3359 servitio
470 3297 504 3359 di
517 3295 571 3362 sua
584 3295 650 3381 sig.
662 3293 890 3361 Reverendiss.
905 3295 981 3357 dei·
1023 3313 1025 3320 ’

142 3318 174 3447 fe
187 3382 239 3447 cui
256 3382 465 3467 occupationi
479 3389 508 3451 tr
521 3405 594 3449 cure
609 3404 705 3449 aneor
720 3383 754 3447 io
768 3381 982 3468 participaua.

141 3470 232 3537 Hora
246 3471 304 3535 che
318 3472 361 3535 ho
374 3484 486 3555 tempo
502 3471 535 3534 di
553 3482 666 3559 potere
684 3468 841 3534 sodisfare
857 3468 890 3534 it
902 3490 991 3553 que·⁸

141 3557 188 3620 ssa
203 3570 293 3645 parte
306 3557 480 3644 all’obligo
495 3561 551 3625 tite
566 3573 666 3644 teugo
677 3578 737 3623 con
753 3558 763 3621 i
777 3555 852 3620 miei
864 3556 986 3643 Signo.

142 3646 171 3712 ri
188 3668 204 3711 e
222 3646 391 3721 Padroni,
414 3650 537 3715 nottho
560 3645 681 3714 ruiutu
705 3663 851 3712 mancare
871 3644 907 3713 di
921 3645 989 3712 fare

925 3750 989 3797 ton
