2542 4350
310 489 374 545 144
457 461 655 541 Jncon1
690 456 978 530 snDoLE'rl

307 563 407 621 lirum
427 559 541 632 iactata
557 557 729 626 feruntur,
754 551 930 634 compressa
951 547 1012 613 etl‘e
1025 549 1136 629 velia;

308 664 379 728 qua
393 643 449 706 etsr
463 638 666 706 incredibilia
680 635 775 711 suut,
798 638 995 700 tamencum
1011 635 1139 702 sermon.-

311 733 406 796 nibur
431 726 600 794 hominum
628 725 901 788 circumferuntur
926 765 939 798 ,
963 744 1076 789 omnes
1103 727 1138 790 iu

311 838 381 885 eam
405 815 592 902 opinionem
618 812 787 877 adducunt
812 855 823 886 ,
857 825 1013 893 tanquam
1036 831 1139 896 parva

311 905 399 990 apud
419 923 478 969 voc
501 902 657 966 habeatur
681 898 772 963 Sedis
796 898 990 985 Apostolicae
1018 900 1105 963 ratio
1129 917 1141 963 a

312 993 403 1077 quod
430 1013 502 1055 cum
518 989 676 1053 nostra&
701 985 841 1065 ejusdem
866 985 959 1051 Sedis
982 985 1140 1071 dignitati

312 1080 513 1145 eontrarium
532 1079 598 1149 est,
621 1091 695 1140 turn
710 1095 788 1141 vero
802 1075 897 1138 rebus
911 1072 1022 1138 vestris
1035 1074 1139 1137 etiam
1166 1082 1172 1091 “

314 1166 431 1230 inutile
448 1211 457 1228 .
481 1163 573 1232 Nihil
594 1163 679 1228 euim
696 1161 730 1228 in
744 1161 1007 1234 existimatione,
1030 1175 1068 1224 ut
1081 1181 1144 1225 uo·

315 1255 365 1318 bic
389 1252 547 1328 videtur,
569 1267 673 1333 neque
701 1251 733 1312 in
760 1248 914 1334 opinione
940 1247 1143 1332 acquiritis,

318 1359 392 1405 cum
411 1337 530 1409 honori
548 1337 640 1404 Sedis
663 1336 879 1422 Apostolicae,
901 1339 931 1403 dc
953 1335 1061 1400 nostro
1077 1335 1144 1401 de.

316 1428 441 1491 trahere
462 1422 674 1504 judicamini.
697 1425 757 1487 Sed
771 1427 857 1497 haec,
881 1441 919 1487 ut
942 1419 1020 1486 falsa
1036 1419 1145 1501 suut,

318 1515 360 1576 src
375 1514 472 1576 etiam
487 1525 524 1575 ut
538 1509 616 1575 salsa
629 1507 689 1573 else
702 1522 898 1598 appareant,
922 1530 941 1572 a
960 1508 1057 1574 vobin
1074 1510 1119 1574 est
1132 1556 1145 1588 ,

320 1615 382 1663 tuae
396 1601 588 1687 potissimum
604 1595 802 1664 Nobilitatie
818 1596 989 1684 pendentia
1004 1617 1146 1682 operan-

317 1703 373 1762 te,
397 1686 680 1753 contendendum.
705 1689 778 1752 Nor
798 1685 958 1770 quidem,
979 1701 1141 1769 quantum

319 1775 416 1840 nobis
430 1775 543 1839 datum
564 1769 699 1859 desuper
712 1773 836 1847 fuerit,
859 1796 962 1857 neque
979 1773 1020 1839 de
1031 1791 1143 1840 amore

319 1864 428 1926 nostro
443 1883 516 1947 erga
533 1877 585 1938 te,
608 1861 643 1931 dc
655 1863 758 1928 filium
780 1879 872 1926 tuum
888 1907 898 1937 ,
921 1882 1023 1947 neque
1035 1862 1075 1925 de
1087 1884 1146 1926 cu.

318 1970 353 2013 ra
369 1947 590 2015 conseruando
605 1950 786 2015 communis
807 1952 955 2014 omnium
972 1949 1145 2032 dignitatis

318 2037 499 2119 quidquam
520 2035 730 2103 remittemus
748 2046 761 2112 ',
795 2038 972 2120 omniaque
995 2039 1145 2123 experie-

319 2145 413 2197 mur,
437 2138 475 2187 nt
493 2122 681 2211 intelligant
693 2144 830 2199 omnes,
854 2125 961 2190 officio
972 2123 1049 2188 boni
1061 2125 1147 2188 Pon.

319 2211 437 2282 tiliois,
462 2209 668 2295 diligentiam
683 2212 820 2274 nostram
845 2233 908 2278 non
927 2212 1060 2277 defuisse
1071 2235 1083 2291 ;
1102 2214 1145 2296 li.

318 2311 375 2366 eut
389 2300 462 2359 Deo
474 2298 572 2370 freti,
595 2301 624 2364 Sc
638 2298 670 2360 in
684 2297 830 2371 bonitate
846 2299 981 2366 Caesarie
994 2300 1146 2365 fiduciam

319 2383 498 2458 babentes,
521 2382 714 2470 piirnostrir
736 2386 879 2451 consiliis
903 2386 1048 2452 diuinam
1074 2389 1145 2450 cle-

321 2468 478 2533 mennam
508 2493 604 2559 opem
628 2473 825 2541 conlidimur
848 2473 1048 2540 allaturam.
1069 2476 1146 2537 Da-

323 2560 541 2627 rumRomae.

864 2649 1058 2723 sadoletur.

326 2846 365 2918 C·
529 2841 531 2845 ’
610 2863 872 2934 casaur.

410 2995 571 3061 Hariffime
588 3003 648 3068 Sic.
673 3005 743 3069 Erli
762 3004 877 3068 diebus
903 3002 1148 3092 superioribus,

423 3104 496 3148 curn
519 3085 642 3151 bellum
659 3090 692 3155 in
710 3091 807 3155 Italia
831 3093 972 3156 maxime
997 3094 1147 3167 arderet,

322 3184 383 3227 nos
407 3168 593 3235 miserantes
615 3177 728 3240 duram
756 3181 851 3255 hujus
876 3179 1073 3243 nobilissima
1096 3202 1148 3244 re·

321 3252 430 3333 gionir
452 3256 676 3324 conditionem
698 3284 734 3327 ac
759 3264 848 3349 gregi
874 3262 983 3329 nostro
1003 3266 1147 3341 diledlo,

320 3339 474 3421 pastorali
496 3364 570 3406 cura
592 3349 695 3412 affecti
718 3396 730 3427 ,
763 3351 827 3415 alia
856 3356 997 3436 quadam
1026 3357 1079 3417 via
1104 3356 1146 3417 ad

318 3444 529 3523 communem
554 3453 664 3517 pacem
686 3439 920 3515 tendebamus,
944 3440 1146 3523 sublatisque

321 3525 403 3612 inter
415 3520 627 3617 amenitatem
644 3540 733 3589 tuam
747 3533 795 3603 ,u
809 3532 928 3615 Regem
941 3528 1140 3594 Francorum

321 3600 519 3673 drllrdrorum
534 3615 655 3691 caulis,
680 3619 887 3684 concordiam
901 3617 1115 3685 suadebamuc
1129 3637 1140 3681 r

1090 3720 1145 3769 ta-
