2542 4350
296 458 370 518 ‘m
453 448 665 526 nacon}
696 444 1003 513 annonem

307 541 349 604 ele
373 559 440 624 qua
464 559 612 607 rumores
634 549 793 601 venerunt
819 533 898 600 satia
926 536 1149 614 constanter}

305 625 355 692 ita
367 642 560 715 opportuno
572 643 718 711 tempore
734 669 745 699 ,
771 637 808 688 nt
819 622 943 702 inullis
956 624 1056 688 unul
1070 627 1149 692 tanti

305 712 392 779 boni
404 715 548 800 malique
572 713 700 777 nunciis
713 719 732 798 (
747 712 770 774 sr
785 712 891 775 modo
901 730 967 796 pax
982 711 1057 799 ipsa
1078 734 1150 779 vura
1177 741 1180 745 ¹

304 802 349 867 est
363 807 426 885 )Sr
457 801 666 868 severitatem
690 799 785 862 timul
798 841 808 872 ,
831 803 861 866 a
891 798 1153 868 misericordiam

306 889 375 956 Dei
394 891 599 955 immortalia
618 887 1010 954 nmnesadrniraremur.
1033 893 1153 957 Verum

303 997 375 1061 quur
390 977 465 1042 huie
481 976 631 1065 periculo
644 1021 654 1052 ,
668 977 857 1064 propinqua
872 977 1063 1042 calamitati
1076 1000 1151 1066 pro·
1177 1018 1182 1028 -

290 1074 295 1087 ¹
302 1065 469 1154 pulsanda
487 1067 661 1131 netelliria
677 1065 773 1137 sunt,
791 1079 828 1128 ut
842 1066 1009 1130 serenitas
1026 1082 1086 1130 tna
1102 1085 1151 1132 ae·

305 1170 442 1227 curare,
468 1169 618 1227 mature,
637 1154 755 1241 pieque
769 1151 894 1238 rogitet
908 1164 1014 1236 arque
1025 1155 1150 1230 efficiat,

305 1238 400 1308 illam
428 1243 463 1304 in
487 1243 637 1306 Domino
662 1243 903 1309 artnortantea,
927 1245 1025 1310 ornni
1055 1245 1150 1308 animi

307 1331 420 1394 lindio
435 1329 662 1406 obtestamnr3
684 1332 723 1393 de
747 1347 812 1413 qua
825 1326 928 1393 eriam
951 1352 1029 1396 cunr
1044 1352 1083 1397 ea
1104 1331 1151 1394 di·

309 1417 388 1483 leui
407 1415 467 1482 filii
492 1417 590 1481 nostri
615 1418 781 1502 legatur,
805 1420 834 1482 Se
858 1417 1009 1483 Nunciue
1035 1421 1149 1485 nostris

309 1505 421 1573 verbis
443 1520 539 1588 agent
552 1524 569 1582 ς
581 1504 703 1590 qui-bus
718 1503 777 1566 illa
794 1505 889 1569 fidem
909 1508 1050 1571 habebit
1063 1551 1074 1573 .
1088 1511 1152 1572 Da·

311 1607 384 1661 turn
400 1596 511 1660 Rornae
525 1595 579 1656 die
597 1613 649 1674 ¹9·
661 1593 827 1661 februarii
844 1601 938 1675 1536.
953 1600 1056 1660 Anno
1071 1598 1135 1666 nl.

396 1681 523 1750 Paulus
532 1683 604 1750 HI·
864 1682 1046 1751 sadoktus
1057 1727 1071 1750 ο

309 1893 437 1962 cxm.
481 1897 792 1964 Ancmrrrseoro
818 1890 1092 1982 Trruvrnarrsr.

385 2069 387 2076 '
407 2046 591 2110 Enerabilie
603 2049 716 2111 Frater
730 2085 739 2109 .
756 2044 920 2115 omnibns
933 2047 1077 2112 tenta-ris
1089 2053 1152 2128 jam

417 2132 685 2223 consumptisque
702 2133 878 2211 remediis,
892 2132 1012 2220 quibus
1027 2137 1155 2226 impio·

309 2241 380 2285 rnnr
398 2222 573 2287 hominurn
586 2238 713 2284 mentes
723 2225 923 2287 Germanicae
938 2225 1086 2291 nationis
1094 2227 1152 2293 'sa-

305 2308 379 2372 nari
400 2308 485 2392 polle
504 2309 718 2394 sperabamus
729 2354 739 2385 ,
764 2313 793 2377 ἃ
817 2331 876 2393 pru
892 2312 1003 2377 nostro
1015 2335 1095 2402 erga
1110 2315 1150 2380 il.

307 2394 374 2459 lam
393 2394 536 2462 nobilem
557 2396 726 2460 nationem
750 2411 887 2483 paterno
909 2401 1024 2465 affeetu
1050 2407 1151 2471 vene..

306 2498 432 2548 menter
458 2487 682 2572 optabamus3
706 2506 778 2551 eum
795 2507 851 2549 nec
872 2486 957 2552 lenia
981 2494 1154 2566 remedia,

306 2594 377 2659 qun
411 2574 521 2661 primo
548 2574 759 2638 adhibuimus
790 2574 975 2659 quidquam·
998 2584 1148 2667 profece-

313 2664 406 2737 rint,
432 2686 489 2729 nee
512 2662 682 2730 Generalis
706 2663 851 2728 Concilii·
871 2666 979 2742 ratio,
1007 2685 1061 2734 not
1085 2678 1147 2751 jana

305 2750 433 2818 menses
457 2753 490 2816 in
504 2756 586 2839 ἱρῆς
597 2754 775 2817 Germaniae
802 2750 921 2819 finibus·
938 2759 1072 2844 aperti,
1098 2773 1148 2823 at.

306 2859 371 2924 que
397 2840 501 2904 habiti
524 2840 625 2905 ullam
649 2838 780 2925 prorsus
805 2846 891 2925 apud
916 2863 973 2908 eos
999 2848 1149 2912 autlnriu

306 2943 435 3001 tatem,
459 2946 494 2991 ae
510 2932 739 3004 vimlnabeat3
758 2931 878 3014 quippe
901 2935 996 3014 qnod
1008 2934 1153 3022 apertis·

305 3018 385 3079 lime
411 3029 654 3092 eon2remnnnt5
675 3036 820 3080 noenum
839 3016 998 3102 farisiam
1022 3024 1147 3109 spetle-

302 3115 371 3164 ram
397 3102 552 3165 omnibus
580 3104 810 3187 patientiam,
835 3110 863 3173 ἃ
890 3108 1065 3175 lenitatem·
1085 3132 1148 3177 no·

291 3190 401 3278 ¹lirani
433 3189 492 3251 else
521 3191 775 3274 intelligeremus
801 3236 813 3265 ‚
836 3195 873 3257 id
892 3198 1019 3261 consrlii
1044 3244 1055 3273 ,
1080 3215 1146 3263 non

300 3278 407 3341 nostra
429 3275 560 3358 quidem
592 3277 707 3361 spunte
734 3323 743 3353 ,
769 3277 822 3344 sed
846 3286 1023 3349 neeeffitate
1052 3308 1146 3352 corn·

187 3367 190 3376 '
297 3365 405 3452 pulli,
429 3368 459 3434 Sa
481 3364 583 3427 euasti
605 3366 790 3456 eoepirnns,
814 3390 883 3453 quo
906 3371 1040 3437 illorum
1070 3396 1149 3461 per·-

305 3451 425 3517 tinacia
447 3449 572 3516 furnnra
595 3454 970 3541 irnpietateconiunela,
996 3464 1069 3545 Deo
1092 3467 1145 3538 jn.-

300 3557 421 3610 vante,
448 3540 612 3625 frangatur
640 3587 650 3615 ,
674 3566 730 3610 nec
754 3543 795 3607 ad
825 3547 943 3632 reliqui
969 3547 1145 3614 Dominiri

301 3626 418 3716 Gergis
432 3669 443 3701 ,
466 3630 581 3695 nnstroe
595 3632 711 3697 tutela-
724 3632 1054 3703 divinitnesrnrnnriffi
1067 3659 1147 3738 per.-

342 3757 345 3762 ,
665 3736 668 3741 ’
1091 3744 1150 3789 m·
