2542 4350
438 496 444 501 -
522 448 765 536 Vina.
901 448 1076 537 lxxxvii

215 559 291 674 qui
323 581 559 676 quanquam
590 565 732 654 affetu
764 567 846 682 jam
867 592 984 655 atate
1016 569 1072 654 es·

220 680 320 793 set,
360 705 501 770 tamen
545 688 702 773 nullum
734 719 808 804 pro
848 688 1073 806 Republica

222 801 404 890 laborem
436 826 511 892 aut
534 809 758 922 periculum
775 808 984 919 recusans,
1016 813 1072 895 le·

217 921 426 1034 gationem
460 952 551 1013 eam
582 927 775 1044 suscepit:
806 927 1070 1041 adhibitaque
1160 988 1163 994 -

216 1038 463 1159 diligentia,
494 1070 693 1162 quautam
716 1048 942 1137 maximam
962 1049 1070 1134 ferre

970 1167 1069 1254 leni·

216 1318 243 1357 „
264 1287 297 1342 ad
312 1289 363 1344 lese
387 1290 435 1344 fibi
449 1287 706 1364 imprimingratnm
719 1295 769 1348 effe
787 1290 930 1347 affirmavit
943 1296 1071 1359 ,μὴν
1181 1282 1184 1287 ’

215 1385 248 1419 ro
278 1367 306 1419 in
327 1369 381 1422 alia
396 1372 428 1423 ad
442 1372 563 1424 eumdem
577 1374 694 1442 Epistola
712 1375 801 1444 paucis
812 1373 904 1424 diebna
921 1385 982 1424 ante
1003 1386 1069 1424 ton·

219 1446 316 1515 scripta
337 1447 486 1503 accerfitum
500 1451 525 1502 se
549 1450 621 1504 inille
637 1469 653 1504 a
669 1452 798 1505 Pontifice
811 1452 982 1515 Bononiam,
1001 1449 1069 1502 iter·

213 1540 267 1595 que
291 1525 363 1579 suurn
379 1539 469 1581 narrat
499 1545 550 1595 t„
571 1531 683 1584 Decimo
703 1528 799 1583 onero
824 1526 1000 1598 (inquiens)
1023 1529 1070 1582 die

213 1634 241 1670 2,
261 1601 393 1673 postquam
406 1622 422 1658 a
437 1617 464 1661 te
478 1605 641 1660 discederem
655 1608 793 1661 Mutinam
815 1606 877 1659 veni
896 1604 983 1657 ldibua
1004 1606 1066 1674 ipfia

211 1711 237 1748 „
258 1679 362 1734 Maiis:
385 1681 422 1734 ibi
438 1683 578 1735 anfonsum
599 1687 712 1738 fratrem
734 1685 830 1736 offendi
854 1685 987 1736 valentem
1003 1714 1064 1737 ,η

210 1792 236 1829 ,,
256 1759 306 1811 ded
330 1758 372 1809 illi
392 1774 458 1827 pene
477 1759 632 1826 inopinatae
655 1761 707 1812 fnit
730 1762 859 1814 adventuo
880 1775 952 1812 meua
976 1795 985 1811 .
1007 1760 1063 1812 Etfi

211 1870 239 1907 „
258 1835 332 1888 enirn
345 1834 487 1904 imperium
504 1850 618 1892 nouerat
630 1869 642 1903 ,
653 1855 708 1907 qno
721 1854 770 1907 ego
782 1836 947 1902 accersebar,
958 1837 995 1888 do
1002 1851 1063 1890 mea

209 1948 235 1984 ,‚
260 1923 349 1965 tamen
361 1913 500 1966 voluntete
516 1914 602 1967 fuerat
621 1916 739 1972 dubim.
758 1951 810 1972 ...
831 1917 889 1984 Ego
901 1914 951 1968 illo
973 1913 1063 1968 triduo

211 2025 237 2063 „
258 1991 436 2044 lllotebellnm
450 1991 597 2045 Bononiam
616 1994 673 2046 mifi
688 1991 1062 2062 ,kadl’arneliumlirterm

211 2104 236 2141 „
259 2068 328 2121 nilril
341 2067 500 2123 diffirnnlanr
516 2071 547 2123 de
560 2072 684 2125 mollitie
700 2089 779 2138 mea,
799 2069 823 2122 ἃ
837 2071 913 2123 lintul
926 2085 1063 2138 exponen·

212 2182 237 2220 „
258 2164 338 2219 quam
362 2146 430 2200 milti
448 2164 528 2218 grave
551 2150 679 2205 extitiffet
701 2151 791 2205 venire
811 2151 840 2203 in
865 2148 1003 2216 ltaliam,
1031 2145 1060 2199 ἃ

213 2245 237 2297 ‚3
258 2223 413 2278 alienillirno
436 2242 496 2279 nreo
522 2240 668 2298 ternpore,
688 2229 740 2283 iter
764 2228 830 2282 illud
843 2228 990 2297 suscipere.
1009 2230 1063 2279 l'e·

217 2337 242 2377 „
263 2303 349 2357 cebant
377 2315 490 2373 entem,
509 2318 540 2360 nt
560 2305 692 2361 transacio
713 2324 771 2363 enm
785 2308 885 2362 cesare
906 2304 1065 2376 colloquio,

217 2413 242 2454 „
262 2382 351 2435 liceret
368 2383 434 2436 mihi
456 2383 662 2453 Carpentoraae
685 2388 808 2452 reverti,
827 2380 965 2456 quodiam
979 2398 1065 2435 enum

215 2492 241 2532 „
261 2475 339 2531 etque
365 2461 448 2513 solum
468 2477 485 2514 a
505 2465 615 2516 Summo
633 2463 762 2517 Pontifice
783 2475 932 2531 expeterem
962 2458 1063 2511 benefi-

215 2570 240 2610 ,‚
259 2539 331 2592 cium
354 2571 364 2593 .
385 2540 450 2592 Erat
476 2536 502 2589 k
531 2540 579 2594 illa
596 2543 734 2595 excusatio
763 2542 792 2592 in
815 2538 916 2593 litteria
937 2554 979 2590 me
1005 2551 1062 2588 non

214 2648 239 2688 ‚,
259 2616 387 2669 continuo
400 2616 551 2669 Bononiam
574 2617 719 2686 proleiium
733 2620 805 2683 else,
824 2617 894 2686 quod
907 2615 938 2667 de
949 2616 994 2666 via
1008 2615 1060 2665 lel-

215 2726 241 2766 ,‚
261 2694 437 2765 sur,aliquot
448 2694 550 2748 dierum
562 2696 676 2767 quiete,
697 2695 829 2748 reficiendi
853 2692 993 2745 melonula
1014 2693 1061 2745 in·

212 2805 238 2843 ‚‚
257 2774 374 2840 digerem
391 2790 400 2836 ς
421 2787 463 2824 nte
476 2782 565 2825 temen
581 2774 649 2845 qnod
662 2775 708 2843 ipl'r
723 2771 900 2842 impetralsent
913 2770 961 2822 elle
974 2767 1061 2823 fella·

210 2884 237 2921 „
258 2865 337 2904 rnrn.
357 2851 557 2919 Responderunt
577 2851 645 2922 poffe
668 2869 710 2906 me
732 2851 847 2907 Mutine
871 2850 986 2918 ipsorum
1006 2864 1059 2901 vo·

212 2961 242 3000 ,‚
263 2929 364 2982 luntatc
390 2928 521 2997 reddere,
540 2932 625 2983 donec
648 2931 759 2985 vocandi
785 2930 876 2982 adesset
898 2927 1061 2996 opportuni·

217 3038 244 3076 „
263 3019 305 3060 tat
319 3042 327 3060 .
340 3007 400 3072 Quo
413 3023 462 3076 ego
476 3009 571 3061 nuntio
585 3023 691 3079 eccepto
703 3011 730 3061 ln
742 3007 930 3063 Cornelianum
943 3007 1062 3059 nollruna

213 3117 240 3154 „
262 3086 445 3152 memorali,
465 3085 510 3138 nbi
523 3089 624 3142 sextum
644 3089 712 3140 diem
734 3085 785 3148 iarn
800 3103 848 3155 ago
873 3083 923 3137 &c-
936 3116 958 3149 ‚,
978 3090 1062 3138 cete·

214 3179 275 3217 rum
290 3179 325 3213 ex
340 3164 434 3215 ltalita
447 3165 564 3231 Epistola
578 3166 719 3218 florebelli
733 3167 764 3218 ad
789 3163 957 3219 cardinalem
980 3166 1061 3215 Bem-

213 3240 279 3293 bum
302 3242 363 3292 dara
383 3242 414 3293 ar·
423 3244 515 3295 Peraea
527 3246 637 3297 alliu.
652 3245 682 3297 dr·
692 3250 808 3299 Geram
826 3258 911 3308 ¹54³·
922 3241 1060 3309 colligitur

216 3319 404 3372 Sanonnrnu
425 3320 472 3370 sub
485 3320 591 3373 initium
605 3323 697 3375 menlir
708 3322 858 3374 Decembri·
871 3338 914 3373 an.
929 3336 1015 3385 ¹54²·
1025 3334 1061 3370 ex

216 3398 326 3449 Gallica
355 3397 499 3463 legatione
525 3400 557 3450 ad
581 3400 718 3452 Eccleliam
741 3402 811 3454 luam
834 3400 965 3453 revertiffe
985 3436 994 3453 .
1017 3396 1060 3448 lbi

219 3475 294 3527 enim
316 3472 369 3524 hnc
382 3473 480 3527 babet.
502 3508 525 3541 „
544 3478 605 3546 Egli
625 3478 734 3541 (card.
748 3481 910 3545 Sadoletua)
931 3477 983 3528 Dio
1002 3490 1061 3540 gra·

216 3583 247 3621 „
270 3552 309 3603 tia
329 3551 363 3603 ssa
378 3554 457 3604 sano:
480 3554 571 3621 giunse
587 3559 636 3626 qul
656 3558 708 3607 alla
727 3554 777 3608 fine
797 3558 838 3607 del
860 3557 927 3607 mese
940 3543 1074 3620 pullatos

222 3660 249 3697 ar
269 3629 388 3699 partirol'r
400 3632 470 3681 dalle
483 3645 556 3686 corte
579 3650 629 3692 eon
650 3634 736 3691 bunna
748 3635 834 3706 gratia
853 3636 895 3688 del
908 3633 969 3700 ut,
987 3627 1013 3678 ἃ
1030 3626 1059 3679 ὗ

224 3737 250 3784 ῃ
270 3708 349 3785 quelli
364 3708 469 3785 signori
487 3706 537 3784 &⁶2
