2542 4350
214 456 273 501 rra
358 433 555 509 JACOBI
591 428 881 497 SADOLETI

211 524 340 589 nomine
363 538 481 609 agent,
506 521 622 601 quibus
654 520 747 582 fidem
778 516 951 581 habebit.
979 518 1049 579 Da·

214 625 285 675 tum
300 614 459 677 Malliana
475 609 527 670 die
542 630 574 681 4.
590 610 673 672 Maii
689 625 784 684 1521.
799 609 898 669 Anno
911 624 1027 670 norro.

213 812 361 881 LXXIX.
463 816 794 879 tuntum.

312 962 497 1027 Enerabilis
513 965 611 1026 frater
623 966 683 1028 Sic.
698 962 815 1023 Praettr
832 978 957 1023 nomen
985 958 1052 1023 vir·
1093 980 1095 991 ·

324 1051 409 1112 tutis
423 1056 451 1116 ἃ
465 1050 649 1113 litterarum
666 1068 752 1129 ,quo
767 1046 977 1110 fraternitati
993 1063 1052 1109 tue

216 1137 411 1219 jampridem
429 1158 558 1202 eramus
583 1136 713 1207 affetti,
738 1153 810 1197 cum
846 1131 1054 1220 iutelligere-

219 1242 294 1285 mus
318 1237 350 1284 te
374 1224 501 1307 egregia
523 1227 664 1306 quadam
690 1218 857 1306 ingenii&
884 1220 1055 1285 doctrina.

218 1329 291 1371 tum
311 1311 407 1372 laude
434 1315 570 1385 florere,
594 1310 720 1375 accedit
748 1301 871 1389 duplex
898 1314 968 1384 jam
987 1308 1056 1370 offi-

218 1394 328 1470 cium,
353 1412 391 1460 ut
412 1398 452 1461 de
466 1411 521 1459 tua
534 1400 566 1461 in
578 1397 741 1462 summum
757 1396 866 1457 Deum
892 1395 1052 1479 pietate,

220 1480 253 1544 in
271 1506 354 1557 nor,
379 1487 522 1566 hancque
545 1483 684 1548 sannam
708 1481 822 1547 sedem
842 1480 1056 1547 observantia

222 1571 366 1649 judicare
390 1570 520 1655 liquido
542 1574 719 1659 possimus.
743 1571 826 1633 Nam
849 1565 881 1629 in
903 1572 968 1633 hac
986 1567 1056 1633 labe

222 1658 395 1741 pestifera,
420 1681 490 1743 que
507 1683 560 1744 per
575 1656 780 1743 impietatem
798 1656 828 1718 ἃ
849 1652 960 1722 scelus
989 1658 1055 1721 Lu-

224 1746 409 1811 therianum
427 1791 436 1821 ,
461 1748 491 1812 irr
508 1747 612 1832 gregis
627 1745 721 1810 nobis
747 1740 863 1807 crediti
878 1742 1056 1829 perniciem

223 1832 325 1900 iatius
344 1837 519 1910 manabat,
545 1856 617 1898 cum
633 1831 750 1895 talium
774 1828 922 1897 virorum
941 1877 953 1909 ,
977 1830 1057 1916 qna·

223 1918 267 1981 lis
285 1945 319 1987 es
334 1938 392 1995 tu,
418 1923 565 2009 prefidio
586 1919 748 2006 inprimis
776 1916 962 1987 Christiana
985 1942 1057 2004 ege.

223 2020 274 2070 tet
308 2010 406 2094 Resp·
443 2010 604 2095 suscepisti
644 2023 679 2072 tu
709 2023 825 2069 munus
853 2027 918 2071 non
950 2006 1057 2074 solum

224 2097 340 2175 agendi
360 2102 388 2162 Sr
402 2118 461 2181 pro
474 2097 645 2163 catholica
659 2096 738 2159 Fide
756 2090 953 2171 laborandi,
970 2096 1058 2180 quod

227 2182 291 2245 tibi
318 2205 490 2249 commune
518 2187 582 2247 fuit
604 2204 678 2247 cum
700 2178 815 2244 multis
844 2224 854 2255 ,
879 2178 1060 2249 sedetiam

224 2280 335 2331 contra
351 2270 472 2354 impios
492 2292 552 2354 pro
568 2268 769 2334 defendenda
790 2284 902 2332 vetere
918 2269 1062 2358 reiigio-

225 2352 278 2415 nis
301 2355 508 2420 observantia
535 2404 546 2431 ,
570 2355 729 2423 scribendi
752 2376 764 2431 3
791 2357 821 2420 in
852 2374 919 2440 quo
949 2358 1065 2444 preci·

227 2459 326 2525 puam
343 2457 428 2508 terte
446 2443 602 2520 laudem,
625 2449 654 2511 ἃ
677 2464 693 2506 a
707 2441 802 2508 nobis
817 2444 918 2529 ipsis,
943 2449 975 2515 ἃ
988 2469 1063 2512 om.

226 2528 315 2596 nium
343 2532 547 2600 eruditorum
571 2530 696 2614 judicio
724 2552 757 2595 er
776 2530 994 2599 consecutus.
1020 2539 1065 2600 At

227 2634 288 2681 not
310 2643 383 2686 cum
399 2620 490 2687 iilam
510 2625 643 2707 quidem
661 2620 844 2708 preclaram
870 2622 1064 2690 orationem

227 2716 318 2771 tuam
341 2708 482 2776 libenter
512 2714 683 2799 legimus,
709 2725 779 2773 tum
804 2712 869 2771 haec
894 2710 1066 2775 novitiima

225 2792 378 2861 iatiffime
391 2801 601 2885 accepimus,
627 2815 682 2870 te,
706 2814 743 2860 ut
759 2794 897 2861 Martini
911 2799 1065 2864 heretica

226 2884 375 2966 pravitas
399 2891 428 2951 ἃ
440 2888 573 2968 perfidia
590 2885 697 2951 totius
713 2884 854 2947 concilio
876 2882 1065 2952 Germania

226 2970 459 3044 damnaretur,
483 2973 573 3057 isque
591 2995 650 3059 pro
665 2972 817 3035 heretico
832 2987 1066 3056 reputaretur,

227 3057 318 3121 omni
337 3069 394 3120 tua
410 3078 508 3140 opera
528 3066 557 3128 a
572 3059 733 3131 consilio,
758 3058 884 3140 gratia,
909 3060 1064 3126 auctori·

226 3156 295 3207 tate
316 3145 512 3208 contenditis:
536 3171 545 3216 t
570 3168 633 3230 pro
657 3167 724 3230 quo
746 3144 935 3211 santtissimo
960 3169 1064 3232 opere

227 3233 256 3295 a
275 3228 388 3295 labore
407 3233 607 3313 tuoagimus
633 3230 830 3297 fraternitati
846 3248 907 3295 ture
926 3256 1066 3320 magnas

226 3317 369 3400 gratias.
396 3318 508 3383 Fecisti
522 3322 607 3383 enim
623 3322 713 3402 quod
737 3335 768 3382 te
786 3320 947 3405 dignum,
972 3323 1070 3405 quod

224 3403 343 3468 virtuti
368 3409 559 3482 tuae‚&ist1·
583 3430 682 3493 quam
709 3407 839 3473 obtines
865 3408 1055 3495 dignitati,

226 3492 474 3562 consentaneum
489 3517 500 3573 3
525 3494 580 3561 sed
596 3499 681 3563 idem
694 3501 770 3564 Deo
785 3495 1070 3584 acceptissimuw¹

225 3581 320 3648 nobis
339 3589 575 3674 gratissimum,
599 3588 656 3674 qui
672 3589 909 3673 hocnunquam
927 3607 967 3651 ex
986 3585 1064 3649 ani·

1006 3691 1071 3738 mo
