2542 4350
193 476 223 547 Ε
365 407 588 495 nrrsronn
612 426 900 501 nonrnrcrm
1006 455 1050 516 „

223 513 461 588 monentes,
485 518 644 580 neminem
672 539 712 581 ex
731 518 882 581 omnibus
913 518 1058 606 Regibus

193 592 257 673 ,ἃ
274 606 481 691 Principibus
500 603 696 668 Christiania
713 606 797 677 esse,
821 606 863 668 ad
876 626 972 687 quem
987 632 1060 676 rna.

193 682 396 845 3⁸nn²c
424 689 1054 850 12&inningennin2

193 798 292 933 'iare
304 911 316 941 ,
336 803 586 952 ilpplirruneqoe
603 868 802 953 providere,
825 873 855 935 dr
879 806 1055 952 quodavi:

193 954 313 1020 ²⁴teres
338 956 503 1021 Catholici
524 957 745 1040 Imperatores
772 969 872 1018 tame
895 959 1052 1036 Gracia,

193 1038 213 1103 Ρ
246 1060 320 1106 uam
333 1041 530 1114 Germania,
553 1063 617 1105 non
632 1040 737 1103 {olum
752 1041 895 1108 exilio&
910 1048 1048 1129 poenis,

193 1124 208 1207 l
236 1131 278 1195 ed
295 1125 362 1192 suis
385 1129 483 1191 etiam
511 1126 727 1194 sacratiffirnis
744 1129 869 1212 legibus
893 1150 1048 1200 omnent

193 1212 399 1285 lcatholicae
414 1213 597 1298 Religionis
612 1215 745 1278 tramite
761 1218 931 1282 deviantes
943 1222 1045 1286 here.

193 1300 306 1385 tricos
323 1301 468 1374 censeri,
491 1323 530 1367 ac
543 1303 571 1368 ei
596 1302 766 1367 hominum
782 1305 890 1392 generi
905 1307 987 1372 nihil
1004 1332 1046 1377 ex

193 1390 426 1465 trucioribus,
449 1389 534 1453 nihil
563 1389 751 1476 exlegibus
779 1414 949 1459 commune
974 1418 1048 1463 cum

193 1478 362 1551 ¹ceteris,
386 1477 618 1564 publicumque
647 1482 709 1542 lrnc
729 1482 848 1545 crimen
876 1484 963 1557 esse,
986 1487 1046 1550 de·

193 1566 344 1633 'crevere
366 1588 379 1643 3
404 1566 481 1650 quia
512 1567 602 1650 quod
631 1564 663 1629 in
685 1566 875 1650 religionem
900 1571 1047 1636 divinam

193 1652 467 1725 ''committitur,
489 1654 521 1718 in
535 1672 648 1717 omnes
667 1653 834 1716 committi
851 1694 863 1728 ,
885 1674 921 1720 ac
939 1657 1051 1722 omni.

215 1741 280 1808 bur
297 1740 446 1818 injuriam
461 1739 570 1806 inferri
584 1741 739 1810 videtur,
763 1744 863 1804 &eos
886 1747 943 1825 qni
965 1744 1047 1808 talia

211 1825 465 1918 presumerent,
492 1828 525 1892 in
551 1829 701 1891 Romano
727 1824 799 1890 solo
822 1833 1050 1898 commorandi

211 1936 280 1981 non
306 1916 422 1981 debere
436 1916 552 1979 habere
567 1914 757 1978 facultatem
774 1957 785 1987 ,
809 1914 888 1997 quin
904 1916 972 1980 imo
994 1919 1042 1982 nil

210 2004 268 2069 hia
290 2002 517 2084 reliquendum
543 2002 608 2065 loci
637 2004 727 2075 elie,
752 2002 809 2084 q'ri
837 2003 914 2088 ipsrr
944 2007 1046 2070 etiam

212 2092 387 2158 elementis
409 2089 750 2178 injuriamfacerenr,
775 2111 832 2153 nec
846 2092 951 2155 solum
969 2093 1042 2157 He.

212 2178 391 2247 reticorunr
408 2181 574 2268 personat,
591 2177 647 2245 sed
666 2199 778 2243 eornm
796 2178 898 2243 libros
911 2201 948 2245 ac
972 2204 1047 2247 mo.

210 2285 367 2334 numenta
393 2268 581 2355 persecuti,
604 2265 663 2329 illa
685 2267 816 2352 ignibus
844 2270 932 2333 tradi
954 2291 1048 2336 man·

211 2356 397 2431 daverunt,
421 2379 459 2423 ne
476 2354 633 2423 videlicet
653 2357 735 2419 adeo
756 2355 941 2422 facinorose
969 2383 1047 2444 per·

211 2445 376 2510 vertitatis
400 2445 532 2529 vestigia
549 2457 698 2508 extarent
714 2440 821 2524 aliqua
840 2487 851 2516 ,
874 2442 931 2507 sed
948 2450 1045 2509 flam·

211 2532 277 2596 mis
305 2532 470 2597 combusta
483 2532 614 2616 pertitus
637 2551 678 2592 ex
694 2531 863 2593 hominum
883 2532 992 2595 oculis
1011 2538 1043 2601 Sc

212 2622 371 2702 memoria
397 2618 623 2689 tollerentur,
648 2634 684 2676 ac
711 2615 884 2677 immanem
911 2616 1041 2699 sceleris

209 2709 241 2773 ἃ
256 2705 415 2790 sacrilegii
430 2704 688 2788 magnitudinem
702 2721 757 2785 par
781 2720 877 2787 poena
891 2700 1044 2786 sequere·

210 2810 289 2861 tur:
315 2796 380 2856 haec
394 2813 455 2855 nor
480 2791 571 2853 clare
594 2790 756 2853 memoria
776 2788 1043 2860 Proedcceffororn

210 2897 346 2949 tuorum
370 2879 510 2944 facinora
527 2876 683 2964 egregia,
706 2875 801 2963 plena
824 2874 986 2964 sapientie
1010 2885 1041 2951 a

211 2989 295 3037 vere
317 2967 453 3055 pietatis
467 3008 480 3044 ,
504 2967 543 3031 de
573 2985 711 3049 qnorum
731 2964 835 3049 gloria
860 2967 950 3030 nulla
979 2991 1043 3034 un.

211 3077 310 3143 quam
336 3073 413 3120 retas
444 3052 638 3119 conticescet
662 3097 673 3127 ‚
706 3052 801 3116 nobis
826 3069 900 3117 ante
924 3058 1042 3124 oculos

212 3159 457 3233 proponentee,
481 3162 517 3207 ac
532 3162 604 3204 com
633 3155 689 3206 tua
703 3140 902 3207 Celsrtudine
927 3146 1005 3208 conf
1023 3180 1043 3199 -

213 3248 320 3297 rentes
345 3278 359 3311 ‚
381 3230 435 3317 spe
461 3245 546 3293 certa
574 3226 711 3294 somne:
736 3250 819 3312 quoe
837 3250 871 3294 ru
896 3230 1041 3297 coelellia

213 3338 286 3402 erga
302 3337 334 3383 re
348 3316 579 3384 benevolentiae
594 3317 689 3383 donis
705 3318 808 3382 vicisti
823 3363 833 3395 ‚
857 3339 914 3382 ene
937 3320 1040 3387 rtiam

214 3406 337 3494 pietate
358 3406 389 3468 in
402 3408 529 3478 Deum,
552 3407 581 3469 ἃ
601 3407 691 3471 omni
714 3408 839 3470 virtute
863 3403 1037 3489 superatn-

214 3513 286 3558 rum
306 3533 316 3554 .
339 3492 445 3580 Qem
461 3492 546 3555 enim
574 3513 715 3571 unquam
742 3495 835 3557 Deus
855 3490 908 3556 sua
934 3496 1035 3570 mira,

213 3580 274 3648 bili
297 3578 507 3669 providentia
529 3595 596 3644 tam
613 3580 738 3736 {irenei
759 3594 854 3648 etate
877 3582 917 3647 ad
942 3581 1036 3650 sum.

663 3689 682 3732 ὃ
942 3690 1035 3740 mitt!
