2542 4350
368 435 532 524 Oratus
558 436 907 522 Fnacuauruu:
998 438 1068 529 cxi

210 578 358 668 queret
386 549 579 640 eamdem
612 553 847 669 stpoisem,
877 576 1003 667 quam
1022 557 1067 645 il·

209 674 270 761 los
309 668 500 759 videbam
541 672 617 760 effe
655 672 919 785 consecutos;
950 678 990 763 8<
1025 676 1070 769 in

210 790 444 909 cognitione
473 791 641 906 quidem
672 820 808 879 rerum
840 817 966 904 atque
996 793 1067 882 do·

209 910 375 1022 dirim,
404 911 455 998 ad
486 940 655 1001 omnem
684 914 996 1029 excellentiam
1025 915 1071 1005 in

210 1030 396 1150 parandis
427 1058 524 1119 vero
563 1033 623 1119 rei
652 1033 864 1120 familiaris
907 1036 1071 1150 copiis,

210 1153 262 1240 ad
293 1150 616 1240 mediocritatem
657 1152 839 1266 aliquam
880 1155 1067 1270 perveni·

212 1300 331 1361 rem.
360 1278 504 1364 Secuta
532 1270 623 1359 sunt
655 1294 873 1390 tempora,
916 1302 1011 1361 cum
1041 1301 1069 1362 a

214 1401 352 1482 Leone
393 1398 443 1481 X.
482 1392 704 1510 primum,
742 1393 939 1481 deindea
982 1394 1073 1483 Cle·

214 1536 356 1601 mente
386 1519 490 1603 v11.
508 1512 765 1602 Pontificibus
796 1513 997 1603 Maximis
1018 1511 1071 1601 ad

213 1633 379 1749 negocia
417 1632 575 1749 publica
615 1658 781 1721 vocatus
810 1697 825 1747 ‚
856 1631 1066 1746 factusque

214 1753 470 1869 epistolarum
489 1751 773 1868 principalium
794 1814 809 1864 ‚
836 1754 914 1840 hoc
932 1751 988 1836 est
1004 1780 1070 1840 ea·

215 1901 309 1960 rum
338 1898 428 1986 quae
458 1871 524 1957 vel
554 1868 606 1957 ad
644 1876 776 1986 Reges
814 1899 841 1958 a
871 1870 1067 1959 Pontifice

214 1991 381 2079 summis
410 1987 460 2076 de
489 1988 606 2076 rebus
645 1990 910 2077 mitterentur
940 2053 955 2102 ,
1001 1990 1070 2078 vel

215 2140 241 2200 a
271 2109 449 2228 Regibus
479 2106 631 2197 eisdem
663 2107 714 2197 ad
744 2109 982 2201 Pontificem
1011 2109 1070 2198 af·

216 2233 444 2342 feruntur,
483 2233 525 2319 8<
557 2230 787 2348 lucubmtor
824 2236 864 2319 δε
895 2230 1022 2317 custos
1054 2259 1072 2343 3

222 2351 332 2466 quod
364 2378 509 2438 munus
538 2351 799 2467 magnisane
826 2353 870 2437 in
900 2352 1075 2442 Urbe&

218 2472 381 2561 honoris
430 2476 471 2559 δε
520 2472 695 2558 nominis
732 2536 748 2581 ,
803 2471 1069 2587 superioribus

217 2590 466 2709 temporibus
521 2589 803 2704 Magistetium
864 2588 1007 2677 Scrinii
1055 2649 1072 2700 ,

219 2740 327 2801 nunc
360 2739 385 2797 a
419 2707 573 2827 populo
591 2714 780 2796 Romano
805 2706 1073 2798 Secretarium

224 2829 488 2921 domesticum
519 2829 711 2946 appellari
732 2827 879 2938 video;
910 2848 1073 2944 gratam

224 2955 336 3042 illam
370 2947 622 3061 admodum,
653 2955 693 3038 8<
714 2951 820 3045 mibi
847 2976 929 3036 non
960 2948 1074 3064 inop-

226 3095 445 3191 portunam
477 3070 722 3157 occasionem
765 3068 941 3185 accepi,
983 3096 1072 3179 qua

219 3193 325 3282 mihi
341 3191 483 3279 datura
500 3190 805 3279 exercitationes
831 3188 1065 3296 videretur,

221 3341 275 3401 ex
307 3312 453 3423 quibus
470 3310 519 3399 ad
539 3339 588 3397 ea
607 3309 795 3399 doctrina
814 3307 964 3416 studia,
982 3333 1071 3419 qua

222 3433 464 3541 colueram,
502 3433 776 3520 maximarum
818 3453 980 3540 quoque
1012 3453 1071 3511 re·

224 3580 319 3641 rum
354 3550 468 3642 usum
500 3550 760 3671 adjungerem
787 3607 799 3635 .
830 3548 966 3749 ¹3in
994 3568 1075 3677 tre·

968 3690 1071 3749 eorm
