2542 4350
455 476 497 562 V
527 501 542 559 1
576 501 606 560 τ
638 485 697 557 ni
920 467 999 554 ei

157 592 320 706 quidem
356 593 447 678 vita
479 593 563 704 ejus
585 588 843 706 integerrime
873 611 998 702 atque

158 713 470 801 innocentissime
510 709 605 798 asia
637 713 753 827 plane
795 709 997 800 consenta-

158 862 252 920 neus
284 834 391 920 suit.
424 834 620 922 Habitare
653 855 762 918 trans
794 831 1000 944 Tyberim

157 976 372 1070 coeperat,
406 952 447 1038 in
480 953 627 1043 adibus
655 958 708 1039 D.
728 953 868 1040 Maria
895 977 999 1036 tem·

158 1076 224 1188 plo
255 1069 481 1186 adjunetis:
514 1075 568 1160 ibi
602 1072 790 1158 autumni
821 1072 937 1158 initio
955 1071 999 1156 in

159 1194 313 1280 febrem
354 1191 528 1304 incidit,
561 1222 649 1308 quae
684 1192 784 1279 levis
825 1192 1000 1308 prim0‚

159 1341 206 1398 ac
237 1342 360 1430 prope
404 1311 698 1400 contemnenda
736 1312 809 1398 esse
844 1309 1002 1396 videba-

160 1457 254 1518 tur:
291 1433 477 1519 sedtum
509 1462 715 1546 nunqnam
744 1431 1002 1549 plane'dece·

159 1552 310 1661 deret,
344 1554 505 1640 morbus
536 1554 802 1668 ingravescere
841 1553 1000 1664 coepit.

158 1679 272 1759 Tum
304 1674 335 1756 is
368 1672 501 1757 statim
536 1675 711 1757 accersiri
752 1673 999 1756 sacerdotem

158 1789 296 1902 jussit:
330 1818 378 1874 eo
409 1788 624 1900 adhibito,
665 1791 740 1875 rite
771 1795 811 1876 8(
842 1790 1000 1874 summo

159 1939 254 1994 cum
304 1909 525 2025 religione,
558 1909 694 1995 omnia
734 1928 821 2024 'quta
858 1909 1001 1995 divini·

159 2056 223 2114 tus
255 2027 304 2113 ad
335 2028 551 2144 expiandos
582 2031 737 2116 animos
774 2035 812 2118 8<
845 2033 1005 2147 placan-

158 2146 253 2235 dum
288 2155 424 2235 Deum
446 2150 622 2235 instituta
655 2150 743 2236 sunt
763 2215 777 2260 ,
797 2151 997 2238 servavit:

159 2270 394 2380 tequidem
438 2270 572 2356 divina
609 2300 744 2357 corant
786 2302 834 2356 eo
865 2270 996 2385 sabin,

161 2412 381 2499 antequam
422 2390 573 2476 sacrum
616 2393 710 2476 illud
760 2397 799 2479 8<
833 2393 1001 2478 salutare

162 2510 331 2594 Domini
359 2510 477 2595 nostri
499 2540 639 2625 corpus
658 2512 854 2625 acciperet
875 2578 886 2617 ‚
904 2544 1002 2600 cum

161 2626 365 2715 Christum
415 2633 551 2714 Deum
591 2659 636 2715 ac
680 2631 1002 2718 conservatorem

163 2745 381 2858 nostrum,
419 2748 643 2834 sublevatus
678 2749 850 2860 asnis,
883 2782 1003 2838 vene·

159 2867 270 2974 rari,
320 2872 358 2954 8<
400 2866 563 2985 supplici
603 2866 1002 3076 quadfflne

161 2985 275 3071 affari
294 2988 506 3102 coepisset;
540 3012 693 3077 tantam
734 2994 845 3078 ubito
875 2996 1003 3109 lacry-

160 3133 318 3191 marum
352 3107 435 3191 vim
471 3108 682 3224 profudit,
715 3138 760 3198 ut
790 3113 1002 3231 eam‘pre·

158 3224 360 3311 tationem
406 3257 486 3341 pra
535 3232 633 3314 fletu
680 3260 725 3318 ac
774 3235 1005 3349 singultibus

158 3343 360 3430 absolvere
409 3348 479 3432 vix
529 3352 706 3463 potuerit
747 3382 761 3464 3
810 3353 1004 3469 supremis

157 3491 281 3577 prope
314 3464 475 3551 vocibus
506 3494 550 3552 ac
571 3469 770 3557 mandatis
797 3476 919 3560 Paulo
937 3483 1004 3565 Sa·

157 3580 336 3693 dolero,
366 3586 437 3698 qui
476 3590 512 3672 ei
543 3582 702 3677 summa
741 3591 892 3707 pietate
922 3596 1006 3681 affr-

588 3732 611 3793 e
645 3734 667 3823 3
942 3712 1008 3799 de·
