2542 4350
518 487 760 573 Vtra..
959 485 1057 572 cxxi
1151 503 1155 509 ’

193 599 343 693 nibus:
377 630 456 691 non
489 606 598 694 enim
626 608 705 694 hoc
732 594 953 693 ambitione
984 606 1052 692 ad·
1126 710 1130 715 p

193 720 348 812 duetus
386 724 558 812 faciebat
585 791 598 838 ,
630 727 695 812 sed
742 726 867 813 studio
898 725 1051 840 Reipu-

196 846 347 933 blicae.
380 849 468 933 Nec
502 870 597 933 vero
617 847 809 936 silendum
839 846 894 932 est
924 845 973 930 de
1007 845 1054 930 il·

193 966 257 1056 lis
291 966 466 1075 officiis,
503 996 592 1082 quos
633 971 674 1055 in
717 966 910 1083 quosdam
952 974 1053 1054 Ger·

207 1087 358 1176 manin
401 1089 643 1205 Principes,
675 1090 850 1228 ipsorum
891 1084 1060 1199 quidem

209 1207 375 1316 etiam,
407 1207 471 1294 sed
502 1211 778 1327 multomagis
810 1207 1055 1324 Reipublicae

213 1333 256 1417 8<
288 1330 516 1416 communis
545 1330 746 1450 religionis
774 1329 888 1416 cause
919 1350 1059 1412 contu·

213 1450 287 1543 lit:
299 1448 455 1566 semper
472 1451 581 1539 enim
599 1450 648 1542 de
669 1453 737 1542 illa
757 1475 820 1541 tot
837 1439 1064 1564 Germ'aniae

993 1592 1064 1685 ΡΟ·

213 1738 274 1799 flos
288 1745 403 1803 prater,
422 1735 542 1786 eumdem
558 1733 638 1789 etism
653 1735 779 1788 bonorem
791 1734 899 1788 Paulum
915 1735 970 1787 lll·
985 1742 1061 1778 Μ·

216 1814 287 1866 dsise
306 1811 406 1862 constat
419 1813 587 1880 Hieronymo
604 1816 765 1881 Capolerteo
779 1812 938 1865 Nicieulium
954 1806 1065 1872 Episco-

219 1908 276 1963 po,
298 1887 445 1941 &Thomae
460 1892 604 1958 Campegio
619 1892 746 1959 Episcopo
760 1890 905 1952 sentent,
926 1902 991 1957 quos
1005 1898 1065 1933 sm·

219 1970 269 2023 boe
287 1967 383 2035 amplo
398 1968 550 2020 testimonio
565 1968 631 2019 idem
649 1970 822 2022 Senones-us
837 1974 1012 2020 exornaverat
1036 1961 1066 2011 ira

219 2048 308 2102 literis
334 2046 493 2097 adeuntem
516 2044 672 2098 Pontificem
691 2079 703 2114 ,
724 2047 893 2119 inquibus
886 2062 924 2099 sta
945 2039 1065 2094 scribit.

218 2159 245 2198 ‚,
266 2131 335 2180 Cum
355 2140 419 2193 ergo
433 2124 562 2191 proximis
583 2125 762 2183 cardinalium
778 2125 899 2183 comitiis
917 2157 927 2190 ‚
948 2137 1003 2192 qua
1022 2118 1068 2169 in·

220 2239 246 2276 ,‚
267 2208 332 2255 llere
353 2199 406 2264 jam
425 2199 551 2272 iensque,
573 2200 597 2252 dt
617 2220 695 2272 prope
708 2207 786 2258 edesse
796 2203 961 2262 sermonibus
975 2196 1065 2250 homi·

221 2316 248 2355 „
269 2299 331 2335 nunt
355 2281 563 2348 circumfertur,
583 2282 613 2334 lit
640 2282 778 2339 sanstitati
792 2299 846 2343 ,rue
865 2285 940 2340 locus
961 2312 973 2345 ‚
994 2278 1070 2329 sum

222 2394 248 2432 „
270 2359 659 2432 quemadmodumconsuevit,
679 2363 866 2419 liberalitatem
882 2360 906 2410 dt
922 2356 1068 2411 beneficeu·

224 2473 251 2509 2,
271 2442 338 2491 tiam
363 2440 391 2490 iu
421 2440 600 2492 benemeritos
628 2442 764 2493 exercendi
790 2440 911 2508 ‚putavi
934 2440 964 2489 ad
986 2447 1077 2500 meant,

223 2551 249 2588 ,‚
271 2518 348 2569 fidem
376 2532 453 2586 atque
473 2515 590 2568 officium
613 2518 769 2585 pertinere,
788 2521 852 2569 duos
871 2518 920 2569 tibi
935 2528 1076 2566 commetr-

224 2628 251 2665 „
270 2598 354 2661 dare,
375 2613 441 2665 quos
460 2596 508 2647 tibi
533 2594 578 2660 ipli
599 2610 656 2650 ,non
676 2598 769 2647 dubito
786 2598 835 2647 elie
863 2590 1054 2663 probatilitmos
1066 2619 1078 2641 .

224 2705 251 2742 „
272 2676 348 2740 Quod
362 2676 481 2743 equidem
505 2672 603 2737 iasio,
625 2688 678 2724 non
698 2676 804 2728 illorum
827 2674 945 2742 precibus
968 2667 1076 2736 efflagi-

224 2784 251 2822 ,‚
273 2765 344 2804 ratus
369 2785 379 2815 ,
403 2752 523 2816 (ebsunt
542 2751 614 2801 enirn
633 2752 711 2803 ambo
735 2772 752 2806 a
774 2769 815 2803 me
833 2757 909 2820 longe
931 2749 1076 2818 gentium,

227 2863 253 2900 „
275 2848 387 2901 meaque
402 2828 480 2890 buius
496 2830 673 2896 ,rogitationis
691 2834 794 2899 penitus
813 2832 898 2899 ignari
921 2831 1008 2895 sunt)
1030 2831 1073 2881 sed

225 2942 252 2978 „
274 2908 322 2960 hoc
333 2907 452 2959 offitium
463 2922 656 2977 atque.operatrt
670 2911 777 2977 virtuti,
791 2908 931 2963 &veritati
944 2906 988 2975 ,ἃ
1003 2908 1076 2959 emi·

226 3020 253 3056 2,
273 2988 342 3040 eitiae
355 2988 447 3053 sponte
467 2987 584 3039 tribuens
607 3021 629 3053 „
652 3024 659 3040 .
683 2991 757 3041 Haud
781 2990 857 3040 facile
879 2989 981 3058 quidem
1001 2985 1073 3039 ditio

225 3066 264 3118 etl
285 3098 296 3130 ‚
316 3081 442 3135 qnantum
457 3067 628 3122 Sunoesrus
644 3066 793 3121 hominibus
805 3067 903 3119 virtute
917 3067 1074 3135 ingenioque

227 3144 414 3215 praellantibus
435 3146 560 3208 faveret,
581 3164 708 3215 quantum
729 3165 772 3198 eos
790 3158 895 3215 optaret
917 3143 1076 3197 auctoritare

226 3222 324 3287 tueri,
345 3223 453 3290 pecunia
480 3224 612 3275 sublevere
633 3259 645 3289 ,
666 3227 758 3280 emitis
781 3226 985 3290 commendare,
1004 3223 1080 3276 omni

226 3302 343 3371 denique
356 3299 508 3353 officiorum
530 3319 623 3368 genere
639 3303 775 3374 compleili
794 3341 802 3357 .
825 3306 894 3355 Hinc
908 3305 938 3354 ad
954 3301 1083 3369 ampliiss-

225 3396 289 3434 mos
311 3381 467 3432 cardinales
495 3380 625 3443 Joennem
658 3385 846 3451 Loebaringum
872 3414 884 3447 ‚
914 3380 1084 3434 Benediilum

225 3459 371 3513 Accoltum
398 3492 409 3525 ‚
440 3458 592 3525 Dionysium
621 3464 777 3515 Lauretium
800 3462 916 3530 aliosque
941 3461 1084 3512 scribens:

225 3568 252 3606 2,
275 3537 410 3602 Quoties,
433 3537 546 3606 inquit,
568 3539 634 3589 mihi
660 3543 736 3594 datur
757 3540 853 3592 otealio
875 3570 885 3603 ,
907 3541 993 3590 lasere
1012 3540 1085 3589 soleo

223 3647 252 3685 „
272 3612 357 3668 doliis
371 3616 437 3668 sitis
451 3646 461 3679 ‚
473 3617 549 3684 idque
563 3635 620 3669 mea
633 3620 738 3689 sponte,
752 3620 824 3670 nulla
844 3618 1019 3670 intercedente
1034 3631 1082 3666 nec

224 3723 252 3770 7,
272 3710 301 3749 re
319 3725 333 3767 ,
353 3710 403 3753 nee
423 3693 613 3752 familiaritate
633 3730 646 3770 ,
666 3700 734 3773 quod
754 3713 808 3754 sno
829 3706 934 3755 tautum
954 3694 1079 3750 doetrinae
1156 3700 1158 3703 ’

1028 3785 1079 3824 no·
