2542 4350
217 537 270 597 xc
374 517 561 628 Jtconr
597 508 875 595 Snuocurt

212 631 475 736 hementios,
506 656 625 741 quarn
659 625 687 709 sr
718 623 835 736 ipsius
868 635 1059 734 ageretur
1087 618 1094 813 ι

214 775 275 831 res
294 809 308 855 ,
339 746 517 834 labora're
536 774 674 831 eorum
693 743 805 827 causa
829 740 1059 825 videretur.

213 872 369 955 Eorum
412 868 523 953 liberi
564 879 713 977 parum
739 860 894 945 idoneis
940 883 1091 957 antea·¹

213 983 437 1072 doctoribus
470 986 525 1072 usi
555 985 749 1068 fuerant:
784 981 862 1062 hoc
898 1005 1056 1092 quoque

215 1105 267 1187 ad
307 1108 483 1192 officium
524 1102 638 1187 suum
678 1099 881 1215 pertinere
930 1097 1056 1184 existi·
1092 1202 1094 1209 Ι

215 1250 365 1332 mans,
398 1250 442 1308 ut
474 1223 531 1306 illi
561 1221 784 1335 optimis&
817 1220 1057 1304 moribus&
1092 1320 1095 1325 Ι

214 1339 426 1455 disciplinis
459 1341 733 1424 imbuerentur
748 1367 763 1449 3
787 1338 986 1447 cutavit,
1016 1356 1057 1420 ut
1095 1420 1099 1441 Ι,

212 1458 390 1545 dodiores
423 1459 576 1572 semper
615 1458 766 1571 egregii
805 1455 859 1543 ad
900 1486 969 1543 eos
1002 1458 1057 1540 in·
1097 1552 1099 1559 Ι

214 1577 427 1667 stituendos
443 1576 755 1665 conducerentur
775 1639 790 1688 ,
811 1577 961 1689 quibus
978 1574 1055 1692 ipse
1097 1580 1099 1589 '

983 1723 1059 1808 quo

218 1927 243 1965 ,‚
265 1914 408 1965 trinorc,
427 1916 502 1971 quern
524 1907 572 1951 tro
584 1897 693 1949 nomine
711 1893 873 1948 scribendo·
895 1891 1061 1962 susceperan'

218 2005 242 2042 „
264 1993 317 2027 ιιοιι
338 1981 391 2029 snm
410 1979 572 2043 persecutus.
588 2008 596 2025 .
611 2008 640 2025 ..
662 1974 750 2040 accipe
762 1985 952 2040 argumentum
975 1972 1058 2023 multo

216 2082 240 2118 ‚,
261 2053 387 2119 gravina,
408 2065 436 2103 ut
446 2068 493 2117 ego
505 2052 629 2115 arbitror,
644 2048 669 2100 ἃ
683 2052 815 2120 utriusque
829 2050 948 2102 nolirurn
969 2050 1058 2117 persn-
1098 2065 1099 2073 ¹

215 2158 240 2195 „
260 2146 298 2180 na
318 2127 538 2181 accommodatius
560 2159 570 2191 ‚
602 2129 671 2197 quod
696 2145 744 2196 ego
772 2143 811 2180 nrt
834 2141 1056 2180 nxrnucrtoren

214 2235 238 2270 ,2
258 2210 444 2259 Caruotrcnr
465 2207 623 2258 Eccnnsrrn
635 2208 741 2258 exorsus
759 2207 815 2260 sunt
828 2236 839 2271 ,
851 2217 951 2275 tuoque
966 2205 994 2256 id
1008 2222 1057 2257 no·

214 2312 240 2349 „
259 2282 326 2332 nrini
344 2283 430 2333 dicavi
450 2314 461 2347 ‚
482 2295 510 2333 ut
538 2299 645 2351 quoquo
668 2284 746 2335 modo
766 2283 861 2351 pofl'ena
887 2283 977 2347 ,ruia
996 2298 1056 2351 erga

216 2391 239 2426 „
259 2376 300 2409 me
319 2360 421 2410 meritis
439 2360 550 2428 gratiani
564 2361 681 2430 aliquem
703 2363 858 2425 referrent,
879 2356 930 2411 ke.
952 2364 993 2412 De
1007 2362 1056 2414 hoe

216 2437 271 2488 alio
293 2452 370 2502 opere
389 2440 456 2506 quod
482 2438 538 2488 heic
559 2439 674 2505 appellat
695 2440 727 2492 de
740 2436 895 2490 extrudimur
915 2442 1056 2494 catholice

215 2513 470 2579 Ecclesse,inferius
492 2516 585 2567 redibit
605 2516 726 2567 sermoin
748 2514 789 2567 bir
810 2516 1056 2568 adnotationibus.

216 2594 283 2644 Stant
302 2589 325 2640 ἃ
347 2593 398 2643 alia
411 2591 522 2654 eiusdem
535 2596 687 2646 Snootnrr
699 2609 800 2662 opera,
819 2610 874 2662 qua
888 2593 927 2646 uti
943 2594 1000 2645 baec
1012 2595 1056 2647 in·

216 2670 400 2735 retuderunt,
421 2671 548 2723 nimirum
562 2672 592 2723 de
609 2685 710 2740 peecata
722 2673 831 2739 originis
852 2669 884 2721 (9⁸
906 2670 937 2723 de
950 2676 1054 2741 Parga-

215 2750 303 2800 tare‘o.
325 2752 363 2799 De
378 2760 487 2818 utroque
501 2749 554 2799 hac
573 2749 660 2801 scribit
673 2748 809 2802 cardinali
829 2748 962 2814 Gregorio
984 2754 1056 2802 Cor·

215 2824 278 2877 testo
292 2842 320 2879 ιι.
336 2827 395 2877 Idus
406 2827 478 2888 Junii
497 2844 579 2890 1544.
594 2826 642 2878 lib.
655 2844 702 2878 xv.
714 2844 756 2893 ep.
770 2845 799 2889 4.
820 2858 843 2891 ‚,
862 2828 932 2878 Cum
953 2827 1028 2879 eninr
1045 2858 1057 2892 ,

215 2934 239 2969 „
259 2916 288 2953 ut
308 2915 364 2954 tute
378 2905 425 2954 scia
435 2935 447 2968 ,
458 2904 677 2955 commentarium
689 2904 825 2974 quemdam
839 2905 871 2955 de
882 2906 1055 2971 peccatoori·

212 3010 240 3046 „
259 2980 330 3046 ginis
350 2978 401 3039 iarn
417 2982 515 3047 pridem
528 2981 711 3047 conleellrem,
733 2983 828 3051 hecque
848 2982 964 3034 maxime
977 2999 1005 3034 re
1029 2980 1055 3033 ἃ

212 3088 239 3124 22
260 3057 375 3121 ratione,
388 3060 540 3110 facultatem
552 3059 579 3109 in
594 3058 640 3110 bae
659 3061 775 3126 regiones
786 3060 933 3113 revertendi
955 3075 972 3112 a
992 3063 1051 3112 Ro·

209 3164 235 3202 „
256 3148 335 3185 mano
357 3136 484 3186 Pontifiee
495 3138 569 3187 essem
592 3138 765 3191 consecutus:
785 3140 853 3208 quod
875 3155 940 3202 nte,
959 3137 1048 3207 quoad

213 3242 238 3279 „
259 3212 377 3276 pollent,
396 3212 481 3263 otium
508 3210 531 3261 dt
553 3216 777 3283 tranquillitatem
799 3214 927 3280 nai-ium,
949 3216 1050 3269 litteria

209 3319 234 3355 ,‚
255 3285 395 3354 &scriptis
417 3288 530 3340 faustam
559 3289 635 3344 iidem
655 3285 823 3347 catholicam
845 3327 855 3358 ‚
875 3292 1048 3364 decusque&

210 3395 235 3433 „
255 3364 439 3418 aubioritatem
454 3369 607 3433 Apostolicoe
627 3371 742 3420 Ecclesiae
754 3372 915 3423 defensurum
940 3373 1048 3439 pollici·

210 3474 233 3509 „
253 3454 294 3494 tur
311 3443 387 3495 essem
402 3463 412 3509 3
434 3444 508 3495 liatui
524 3446 614 3509 mihi,
635 3460 663 3500 ut
681 3448 794 3513 primunr
814 3450 862 3499 huc
876 3466 917 3500 nae
940 3450 1051 3518 retuli,

211 3551 236 3587 „
255 3521 373 3570 eumdem
386 3521 434 3571 effe
448 3522 544 3573 librum
568 3524 712 3575 accuratius
730 3524 943 3577 retraiiaudurn.
967 3530 1049 3593 Quod

212 3628 237 3664 ,‚
255 3614 312 3648 cunr
333 3597 526 3665 diligentissime
537 3602 672 3666 fecissem,
692 3603 889 3671 addidillemqne
907 3619 961 3652 non
980 3621 1052 3666 pau.

212 3706 239 3750 ῃ
255 3690 305 3746 ct,
325 3693 382 3750 qua
399 3675 467 3731 nihi
488 3677 521 3730 ad
542 3695 600 3737 tent
619 3678 722 3736 uberior
739 3680 918 3756 explicandam
946 3678 1048 3735 idonea

956 3786 982 3830 ιι
1003 3775 1058 3837 Vl:
