2542 4350
89 470 99 537 f

271 466 493 545 nvtsnotn
515 473 799 547 ronrmcrn.
890 499 950 571 ¹43

134 563 241 631 riores
265 566 406 630 facerent
427 607 438 639 ,
460 566 642 630 aut⁴fidetn
666 609 677 640 ,
709 572 739 636 de
765 568 958 638 industriam

89 678 92 711 :
133 648 225 719 fuant
249 653 353 738 magis
364 654 547 731 ianiarent,
570 665 721 729 ceteros,
743 658 773 721 dr
790 657 908 731 facile,
927 664 959 729 ἃ

135 737 275 805 libenter
286 741 584 807 calumniarentur:
599 762 740 825 quorum
757 742 953 827 iniquitati,

134 824 169 893 in
187 826 260 913 ipso
274 826 465 894 articulata
490 828 591 893 iendu
615 829 864 896 deliberationis
893 834 961 901 fuit

132 918 394 992 occurrendum,
418 931 456 982 ut
468 917 567 1002 rpiiur
585 913 748 991 Cesaris,
770 938 959 1003 quanquam

135 1002 250 1079 firma,
272 1006 398 1071 arena
409 1026 467 1093 per
483 1002 548 1069 sese
573 1023 692 1077 meus,
714 1006 829 1070 uostris
849 1021 959 1074 tamen

134 1092 237 1155 etiarn
253 1087 395 1156 ronbliis
407 1134 418 1166 ,
431 1094 462 1158 u
475 1088 712 1156 monitionibus
728 1095 936 1172 adjuvaretur
949 1137 959 1161 .

138 1177 283 1244 Cunfilia
309 1190 418 1244 auteur
444 1177 551 1243 nostra
573 1197 647 1262 quoe
669 1180 750 1256 unt,
773 1200 959 1266 quanquam

135 1277 201 1329 tun
221 1264 401 1331 Nobilitati
428 1267 586 1330 notiffima
600 1269 660 1332 eise
683 1269 825 1344 debent,
849 1283 959 1336 tamen

135 1353 190 1417 bic
205 1367 339 1439 aperte,
362 1357 391 1419 de
414 1352 548 1438 ingenue
569 1357 817 1442 profitebimur,
843 1377 959 1445 rupere

136 1459 199 1505 uus
224 1437 424 1515 &suadem
448 1458 486 1507 ut
506 1440 586 1508 beili
610 1441 711 1508 cause
729 1465 842 1509 omnes
862 1462 961 1508 amo-

136 1543 298 1603 veantur,
324 1544 362 1594 ut
374 1526 462 1593 salus
473 1574 484 1605 ‚
507 1535 537 1598 ἃ
555 1531 700 1616 dignitas
718 1533 787 1595 filio
801 1546 861 1594 tuo
885 1530 962 1596 red·

136 1615 255 1691 datur,
279 1632 316 1682 ut
329 1617 459 1692 noster,
480 1628 511 1689 ἃ
534 1619 627 1683 Sedis
645 1618 839 1705 Apostoliroe
855 1621 959 1682 honor

137 1702 367 1769 conserveturt
392 1706 454 1768 hue
478 1724 562 1770 curu
588 1725 705 1769 omnes
731 1704 874 1779 nostre,
899 1708 963 1768 hur

137 1791 357 1874 cogitationes
382 1793 549 1871 tendunt,
573 1793 605 1858 iu
626 1792 748 1876 quibus
767 1813 830 1859 unu
854 1790 962 1855 miuus

136 1877 257 1943 Caesari
270 1879 328 1967 ipii
342 1877 562 1954 consulimur,
585 1899 685 1965 quam
699 1895 756 1944 aut
772 1879 835 1944 tibi
848 1884 877 1949 δι
892 1877 964 1942 filio

138 1978 199 2028 tuo
209 2009 221 2040 ,
231 1983 289 2031 aut
304 1968 400 2031 nubis
414 2009 423 2030 .
437 1971 521 2034 Cum
534 1969 622 2034 euim
635 1966 830 2053 dignitatem
845 1963 965 2031 utrius·

138 2075 202 2138 que
221 2056 364 2118 nostrum
381 2054 474 2119 illius
489 2057 662 2122 voluntate
675 2056 857 2120 doufirmnri
873 2074 966 2135 quu-

138 2143 271 2222 rimur;
297 2142 474 2210 maximam
502 2142 555 2210 illi
581 2144 724 2231 proferto
750 2142 966 2207 attribuimus

138 2232 361 2316 dignitatem,
384 2232 441 2314 qui
461 2235 552 2317 quud
565 2234 670 2297 rietur
684 2231 768 2296 tanti
783 2231 863 2296 beili
879 2230 968 2297 exti-

140 2319 185 2383 tit
198 2363 208 2393 ‚
220 2320 332 2405 potuit
348 2320 445 2385 etiam
458 2320 534 2387 rasu
546 2320 695 2391 evenire:
709 2320 753 2383 iiu
766 2334 877 2384 autem
894 2318 966 2382 bei.

139 2405 234 2481 ium,
257 2408 467 2475 &viatorium
484 2430 582 2496 pace,
595 2413 624 2475 dr
639 2408 810 2494 prudentia
832 2426 969 2493 compo·

141 2492 269 2569 suerit.
291 2496 357 2559 erit
379 2495 437 2558 ista
458 2498 529 2562 laus
543 2502 607 2572 jam
621 2495 772 2581 propria,
799 2497 828 2559 dt
853 2513 968 2578 peren·

141 2585 194 2648 nis
218 2584 316 2670 ipsius
329 2580 489 2646 Caesaris.
514 2583 588 2645 Huc
600 2579 698 2656 suut,
722 2600 790 2663 que
810 2599 828 2640 a
841 2580 968 2664 Legatn

141 2670 254 2735 nostro
267 2671 308 2732 ad
323 2665 481 2734 Cursarem
500 2669 712 2738 deferuntur,
737 2687 807 2749 que
820 2666 897 2747 quia
914 2685 970 2727 cr·

142 2757 245 2822 ierius
259 2756 430 2820 deferenda
445 2772 556 2828 erant,
579 2754 703 2816 idcirco
730 2774 803 2817 eum
828 2755 971 2829 indimus

144 2844 322 2908 maritimis
350 2843 494 2908 cursibus
520 2858 770 2928 approperaret
802 2843 831 2906 St
858 2854 970 2901 tamen

142 2932 524 3004 mandarimus,utcunr
541 2931 683 3015 primurn
700 2928 872 3015 appulisset
883 2920 969 2988 Mas.

143 3019 276 3096 filiam,
299 3019 447 3083 homiues
472 3031 578 3082 certos
592 3017 634 3080 ad
663 3018 882 3089 remitteret,
906 3010 968 3093 qui

143 3122 179 3172 te
201 3129 307 3172 rerum
332 3107 445 3170 harum
470 3108 617 3171 omnium
649 3106 821 3171 redderent
844 3100 970 3168 certio·

143 3215 239 3269 rem,
262 3211 384 3280 tuaque
408 3195 562 3260 mandata
585 3191 798 3280 exposcerent
820 3195 881 3266 ,dr
908 3188 969 3250 illa
992 3199 994 3204 '

143 3281 202 3367 ipsa
223 3286 345 3370 Legato
364 3284 541 3360 referrent3
565 3284 656 3366 quod
671 3287 713 3347 ab
728 3283 789 3346 illu
807 3278 898 3344 fuine
922 3277 937 3339 f
954 3314 971 3334 .

144 3373 232 3432 dium
246 3392 311 3435 non
333 3372 547 3436 dubitamus.
572 3371 662 3438 Illud
679 3391 738 3458 pro
764 3370 875 3434 nostru
892 3384 972 3428 con.

143 3458 320 3536 junctionis
339 3477 451 3522 amore
476 3459 696 3525 Nobilitatem
725 3473 817 3522 tuam
837 3468 973 3544 paterno

145 3546 263 3615 affectu
277 3548 435 3611 monitam
449 3545 603 3610 volumus
618 3590 629 3621 ,
654 3559 691 3609 ut
708 3548 833 3619 minas,
856 3550 973 3611 &ver-

147 3636 189 3701 ba
208 3632 356 3711 atrocia.
379 3653 449 3720 quu
464 3632 556 3698 isthic
571 3634 601 3699 in
615 3635 716 3700 nos&
738 3635 894 3722 Legatum
914 3648 976 3690 no-

874 3721 974 3780 strum
