2542 4350
266 498 345 543 ,υ
480 467 674 546 ANTONII
696 469 968 544 FLOREBELLI

303 564 556 638 reamandum,
579 569 607 630 Sc
634 564 808 628 colendum
832 560 979 627 acceffiffe
993 607 1004 638 ,
1029 565 1062 629 Sc
1088 584 1153 650 po.

306 656 373 718 iica
397 675 459 719 non
475 651 669 717 modoniirii
683 653 722 715 de
736 648 869 737 pristina
892 669 960 712 mea
974 650 1009 716 in
1034 667 1069 715 te
1094 657 1153 717 be.

309 741 497 809 nevoientia
532 741 711 803 detraiium
743 737 826 810 effe,
852 736 1001 806 sedeam
1029 741 1151 826 potius

308 852 350 896 ex
364 835 425 893 hoc
441 850 514 894 meo
535 823 677 890 absentis
692 826 740 888 tui
761 825 920 890 defiderio
936 870 945 899 ,
969 845 1072 909 atque
1086 833 1150 899 hor

307 917 456 982 iocorum
473 912 652 982 intervallo
664 913 833 978 accrevisse
849 954 858 976 .
884 916 957 999 Ego
970 917 1059 980 enim
1075 939 1151 986 cum

310 1005 448 1090 diligere
463 1003 649 1090 quempiam
666 1000 924 1084 institui,usque
944 1025 984 1066 eo
998 1001 1150 1074 constane

307 1093 345 1158 in
366 1110 477 1156 amore
500 1091 594 1163 sum,
619 1103 656 1151 ut
673 1086 856 1174 dispunctio
868 1089 1018 1177 locorum
1043 1115 1150 1162 meam

311 1180 346 1245 in
376 1178 470 1241 illum
497 1175 756 1242 benevolentiam
779 1196 845 1241 non
868 1176 968 1242 modo
991 1199 1059 1245 non
1084 1186 1151 1250 mi.

277 1282 280 1287 ·
312 1283 424 1340 nuat,
449 1265 505 1332 sed
529 1264 643 1349 potior
668 1278 807 1349 augeat.
832 1266 948 1347 Itaque
978 1269 1041 1331 tibi
1067 1318 1076 1347 ,
1104 1276 1150 1340 mi

313 1353 448 1428 Moisa,
471 1355 627 1417 confirmo
640 1354 768 1437 ‚vigere
789 1352 869 1415 mihi
885 1356 998 1419 affidue
1015 1355 1048 1420 in
1075 1362 1150 1425 arri.

309 1465 369 1508 mo
393 1440 586 1508 memoriam
610 1439 660 1502 tui
688 1486 697 1515 ,
723 1445 892 1523 meque&
919 1442 1083 1528 sarpissime
1109 1451 1149 1518 de

282 1549 284 1553 ·
312 1534 528 1619 recogitare,
550 1532 580 1594 a
595 1550 668 1592 curn
686 1529 809 1602 Jacobo
833 1527 906 1614 ipso
926 1531 1022 1616 loqui
1044 1533 1150 1608 solere

310 1641 384 1686 cum
408 1618 520 1705 insigni
542 1615 824 1702 quodam-judicio
847 1636 923 1681 meae
937 1621 969 1683 in
983 1636 1016 1683 te
1034 1622 1150 1688 obser.

311 1709 429 1788 vantiae
449 1750 459 1771 .
484 1706 626 1799 Qodsr
653 1719 689 1767 tu
713 1724 842 1789 quoque
861 1706 1016 1771 ,amicitie
1035 1713 1153 1781 nostra

310 1795 504 1860 memoriam
531 1791 664 1868 servae,
690 1794 815 1878 gaudeo
830 1794 957 1859 medius
971 1797 1070 1863 fidius
1088 1802 1151 1868 r'rri.

243 1955 245 1960 ¹
310 1903 386 1947 rum
410 1883 442 1946 in
467 1882 626 1954 modum,
649 1902 706 1944 nec
732 1880 812 1944 mihi
837 1882 1013 1967 quicquam
1039 1894 1152 1970 potest

310 1983 369 2035 tua
393 1970 456 2034 mei
479 1968 633 2034 memoria
661 1969 807 2032 accidere
834 1975 1006 2056 optatius.
1029 1978 1154 2064 Quen.

311 2078 413 2142 quam
433 2058 454 2120 fi
469 2077 528 2142 ego
543 2061 620 2124 bene
635 2071 712 2120 tuor
726 2055 924 2124 suavissimos
940 2081 1049 2125 mores
1065 2108 1078 2138 ,
1093 2070 1154 2132 nt.

311 2168 376 2232 que
395 2144 551 2211 eximiam
565 2143 805 2211 humanitatem
820 2148 898 2212 noni
915 2147 1066 2235 ,prorsus
1085 2158 1152 2222 mi.

291 2238 347 2300 .hi
376 2231 560 2318 persuaderi
584 2253 649 2296 non
676 2233 807 2317 potest,
831 2236 910 2317 quin
933 2258 1003 2302 eam
1034 2244 1155 2322 mihi,

308 2342 409 2408 quam
435 2340 524 2384 meur
548 2338 619 2403 erga
643 2333 675 2382 te
699 2338 791 2382 amor
811 2325 979 2405 requirit,
1004 2328 1153 2397 beneco.

307 2409 446 2476 lentiam
466 2406 593 2491 prestes
619 2447 628 2469 .
653 2406 765 2497 Qare
785 2428 886 2494 neque
913 2410 980 2498 ipse
1011 2416 1052 2480 de
1077 2442 1153 2487 mea

308 2500 343 2565 in
358 2514 390 2565 re
403 2492 575 2565 noluntane
590 2494 689 2560 deber
711 2495 885 2573 dubitare,
908 2506 937 2567 Sc
956 2522 1016 2583 ego
1032 2505 1072 2568 de
1090 2521 1149 2575 rua

314 2588 348 2652 in
372 2606 423 2653 rne
447 2582 578 2671 proriue
605 2582 674 2649 sum
695 2582 888 2671 persuasus.
913 2588 973 2652 Sed
997 2595 1062 2667 jam
1085 2600 1149 2664 ali.

313 2676 396 2760 quid
419 2673 480 2737 tibi
494 2674 534 2736 de
556 2671 740 2737 studiorum
760 2696 906 2742 meorum
931 2677 1058 2743 ratione
1081 2690 1148 2754 ex.

310 2781 467 2853 ponamr·
488 2782 527 2825 ue
550 2774 586 2823 tn
609 2760 694 2827 forte
720 2761 860 2835 mirere,
894 2764 952 2848 qui
968 2766 1026 2840 fit,
1051 2777 1144 2851 quod

308 2868 385 2917 cum
398 2850 438 2911 ab
452 2850 582 2912 ineunte
596 2862 690 2912 etate
707 2870 756 2911 me
771 2852 812 2912 ad
822 2856 839 2923 J
844 2874 881 2915 us
895 2852 1002 2918 Civile
1017 2853 1143 2942 cogno.

223 2951 232 2964 ⁸
309 2937 463 3005 scendum
477 2935 655 3007 dediiiem,
679 2934 907 3012 relictorum
919 2941 961 3002 ad
980 2943 1141 3016 bonarum

308 3023 430 3089 artium
446 3023 550 3088 studia
573 3022 795 3090 contulerim.
819 3028 920 3115 Qrod
936 3048 1043 3095 meum
1057 3055 1141 3101 con.

307 3111 500 3198 filiumhoc
523 3109 654 3173 facilius
684 3132 734 3174 me
757 3114 817 3178 tibi
841 3118 1055 3205 probaturum
1078 3125 1164 3195 effe,

307 3198 437 3265 confido
450 3241 461 3283 ‚
474 3197 564 3281 quod
584 3196 718 3261 memini
734 3199 799 3267 dici
815 3220 877 3268 ate
895 3225 1049 3290 quoque,
1065 3232 1153 3279 cumx

307 3307 328 3351 a
352 3287 460 3373 primo
485 3298 634 3369 tempore
657 3288 765 3351 etatis
793 3290 897 3356 eidem
924 3298 985 3357 arri
1011 3296 1140 3365 studere

309 3376 459 3460 coepiffer
481 3420 492 3451 ,
517 3372 630 3460 paullo
648 3374 719 3461 post
730 3376 759 3437 ei
785 3380 936 3443 nuncium
963 3384 1115 3451 remisrise
1129 3432 1142 3463 ‚

306 3482 344 3526 ac
366 3462 487 3528 reiieiie
501 3462 571 3528 illie
586 3460 879 3555 imperitiaiegum
904 3470 1142 3558 interpretibus

307 3550 497 3616 Ciceronem
533 3565 630 3636 atque
655 3554 885 3623 Demoiienem
906 3601 917 3631 ‚
941 3561 1137 3645 &optimos

307 3635 454 3727 quosque
470 3660 607 3729 grece,
630 3660 667 3705 ac
693 3638 801 3710 latina
830 3645 948 3732 linguar
975 3652 1137 3715 Acriores

1043 3736 1141 3802 crois
