2542 4350
524 501 564 584 V
596 526 611 582 1
645 527 675 582 r
707 527 766 583 e.
967 502 1062 590 xiiii

207 612 351 698 hibuit
389 643 399 697 τ
437 633 599 700 uttam
633 616 871 703 turbulentis
910 636 1065 734 tempo·

212 733 320 817 ribus
359 795 372 841 ‚
406 735 622 821 Ecclesram
655 738 764 822 snam
791 739 836 821 <in
869 735 988 844 fide,
1021 745 1062 828 δε

218 849 328 935 retia
359 881 452 964 erga
485 860 618 941 Deum
650 852 867 970 *religione
887 858 1063 942 contine·

223 996 329 1054 ret.
382 978 526 1084 Itaque
577 976 605 1059 fi
647 1004 745 1086 quoe
807 979 849 1060 in
887 1004 1102 1062 errorem-

224 1089 412 1203 impulsos
440 1154 453 1200 ,
484 1121 507 1177 a
538 1091 647 1176 teilo
678 1095 820 1180 itinere
858 1093 1062 1181 declinasse
1158 1190 1161 1204 ,

215 1234 498 1324 cognoverat,
529 1215 704 1327 paternis
724 1242 789 1298 eos
819 1212 1060 1299 admonitio·
1160 1208 1164 1241 ³

943 1335 1059 1418 nibus

254 1483 271 1515 ⁴¹
313 1489 448 1555 Religioee
470 1488 657 1560 contineree.]
679 1494 772 1560 Neque
793 1493 875 1544 solnm
901 1492 1054 1542 Sauorert

213 1566 243 1617 iu
267 1568 349 1616 Deum
371 1565 544 1616 &Ecclesiam
562 1565 673 1617 lludium
695 1569 899 1621 intraDioeeelie
921 1569 968 1618 sua
983 1566 1057 1616 limi·

214 1656 256 1696 tee
279 1643 485 1703 continebatur,
506 1643 547 1692 sed
571 1659 615 1705 per
631 1645 780 1695 universum
794 1648 884 1697 orbem
912 1643 1058 1707 diffusum,

215 1720 311 1786 ubique
331 1720 430 1769 summa
442 1718 514 1768 illiue
533 1717 626 1781 religio
639 1720 778 1771 elucebat.
797 1723 885 1772 Tellee
902 1723 961 1772 sunt
987 1719 1054 1784 Epi·

217 1798 287 1846 stolae
312 1795 444 1860 permulta
458 1825 468 1856 ‚
488 1793 581 1861 quibua
595 1794 657 1859 quid
671 1796 704 1844 ab
716 1811 748 1845 eo
766 1798 797 1846 ad
809 1798 925 1848 Ecclesiae
941 1797 1055 1861 gloriam

216 1872 411 1940 utilitatemque
433 1870 637 1936 promovendam
663 1903 674 1934 ‚
696 1873 839 1938 prestitum
861 1873 941 1925 suerit
965 1905 975 1934 ‚
1004 1889 1057 1940 qua

217 1967 306 2013 enee,
326 1948 513 2018 quaseriptie,
533 1948 653 2014 praelate
673 1948 834 2003 demonstrat
858 1985 866 2004 .
889 1951 969 2001 Enim
992 1964 1057 2001 vero

216 2028 262 2080 ubi
278 2028 375 2089 Joauni
398 2026 519 2078 cochlaeo
540 2025 588 2075 lib.
602 2042 651 2076 er.
672 2026 748 2094 episi.
768 2043 799 2091 7.
823 2029 854 2080 ele
869 2029 920 2081 suia
937 2027 1059 2082 adversata

217 2105 329 2160 Lutheri
351 2102 521 2172 blasphemiae
545 2101 796 2172 scriptie,impense
818 2107 966 2173 gratulatus
987 2104 1022 2156 ell
1046 2123 1059 2170 ς

217 2185 251 2236 ele
280 2186 304 2236 se
322 2200 424 2254 quoque
443 2184 480 2234 ita
503 2177 635 2247 subiungit
655 2215 665 2234 .
685 2216 708 2247 ‚,
729 2184 787 2250 Ego
811 2186 924 2253 quodam
944 2184 998 2235 eliu
1026 2184 1057 2235 in

217 2293 243 2329 „
263 2278 340 2329 opere
353 2293 364 2326 ,
383 2261 451 2330 quod
470 2276 539 2312 nune
551 2258 617 2310 eudo
627 2256 780 2328 ,habeoque
793 2262 821 2312 in
835 2262 955 2313 manibue
966 2293 976 2326 ,
986 2275 1056 2311 non·

220 2370 245 2407 „
265 2340 336 2391 nulla
348 2335 458 2388 insellor
472 2336 621 2388 Lurlreeena
640 2337 787 2404 dogmata,
807 2354 896 2391 eorum
917 2338 1058 2404 maxime,

221 2447 246 2484 ‚,
266 2434 320 2486 qua
334 2416 364 2467 ad
377 2415 551 2466 revellendam
565 2412 661 2465 christi
681 2415 834 2479 religionem
848 2416 953 2468 intenta
962 2417 1021 2468 sunt
1031 2443 1057 2481 ,2

222 2497 258 2549 Et
275 2494 330 2547 alio
343 2495 402 2544 loeo
415 2526 423 2542 .
437 2524 460 2556 ‚,
480 2492 567 2548 Mitto
578 2489 773 2542 oratiunculam
793 2494 932 2560 quamdam
948 2508 1057 2558 meam,

222 2603 248 2641 „
266 2590 319 2642 qua
338 2571 457 2623 continet
477 2567 615 2619 medellam
629 2569 657 2619 S.
671 2573 707 2623 R.
721 2568 857 2634 Ecclesia,
878 2568 903 2620 ἃ
916 2570 1058 2622 totiuaSa-

221 2681 246 2718 ‚,
266 2649 376 2701 cerdutii
397 2646 570 2698 defensionem
594 2647 716 2699 adversata
737 2646 873 2714 probrosae
895 2680 908 2715 ,
937 2643 961 2697 ἃ
994 2661 1060 2715 pene

221 2759 247 2797 ,‚
266 2727 433 2798 quotidianae
452 2726 660 2777 Lutberauorum
679 2724 905 2792 vituperationee,
918 2723 967 2776 ke.
977 2755 1004 2790 ,‚
1014 2723 1058 2777 Si·

223 2805 325 2859 uiliter
342 2817 469 2875 quantum
489 2804 520 2855 de
538 2802 681 2854 Germania
702 2802 837 2854 haeresibus
859 2802 982 2872 bellisque
1009 2817 1057 2853 ve·

223 2895 287 2937 :ata
308 2896 467 2950 augeretur,
488 2880 549 2933 satie
562 2881 686 2951 superque
707 2880 818 2933 ulleurlit
837 2882 868 2931 ad
882 2881 1057 2931 Gullielmum

223 2962 342 3015 bavaria
360 2962 450 3012 ducem
471 2959 577 3016 libat.
595 2975 638 3026 ep.
656 2974 699 3011 ro.
722 2963 813 3009 Roma
831 2975 878 3010 vr.
904 2959 965 3009 idue
984 2954 1056 3009 Maii

227 3054 314 3105 ¹54²·
334 3070 356 3104 „
378 3040 434 3105 Ego
451 3036 599 3105 (inquiens
614 3036 688 3105 )qui
701 3036 737 3087 ub
760 3036 905 3106 propinqua
923 3035 1060 3102 pericula,

223 3146 248 3185 „
267 3134 324 3187 qua
347 3115 442 3168 inllant
463 3114 564 3165 nomini
587 3113 737 3166 Christiano
758 3146 770 3180 ,
789 3126 867 3184 atque
890 3112 1056 3175 imminent,
1086 3157 1088 3164 .

221 3225 248 3262 3,
266 3195 321 3245 diee
340 3190 474 3262 noblesque
495 3188 586 3244 assidue
607 3192 735 3244 sollicitor
754 3223 766 3257 ,
785 3208 833 3243 nee
850 3192 930 3244 ullam
956 3201 1059 3255 partem

221 3301 247 3340 „
268 3272 344 3340 eapio
356 3270 473 3341 quietia,
493 3267 713 3322 vehementissime
722 3269 827 3340 quidem
836 3269 950 3337 optarim
962 3266 1057 3318 babere

222 3365 248 3419 ς,
267 3349 417 3420 quempiam
436 3360 564 3411 tuorum,
584 3364 695 3416 quocum
713 3364 744 3398 ee
760 3365 817 3417 qua
839 3358 937 3415 angunt
958 3342 983 3394 ἃ
1005 3342 1061 3394 sol·

222 3458 247 3493 ‚,
269 3425 601 3492 licitant,eommunieare
621 3437 682 3477 tutu
699 3425 793 3492 pulsem
825 3455 848 3490 „
869 3459 878 3476 .
900 3425 934 3474 Et
968 3421 1062 3473 insra·

223 3506 374 3572 „Etenim
397 3504 468 3555 seito
488 3519 529 3553 me
558 3502 672 3568 praviter
691 3503 749 3569 angi
772 3533 783 3566 ,
811 3502 880 3570 quoel
911 3499 989 3551 video
1011 3511 1061 3546 noe

223 3611 248 3648 „
267 3597 359 3633 omnee
382 3581 409 3632 in
430 3592 575 3632 extremum
596 3576 649 3638 iam
672 3595 743 3631 ruere
763 3578 903 3629 diserimen
927 3571 1064 3644 ,quaudo

225 3686 249 3725 2,
274 3660 323 3710 ista
341 3657 441 3709 auxilia
462 3656 649 3725 apparatusque
675 3654 823 3710 Germania
846 3654 890 3723 qui
910 3653 1029 3704 seruntur
1052 3677 1065 3713 ‚

226 3766 251 3802 „
279 3752 321 3789 me
334 3736 439 3807 quidem
461 3750 515 3786 nou
534 3733 722 3797 consolentur,
743 3734 784 3785 sed
799 3739 982 3802 perterreant·
