<?xml version="1.0" encoding="UTF-8"?>
<!DOCTYPE html PUBLIC "-//W3C//DTD XHTML 1.0 Transitional//EN"
    "http://www.w3.org/TR/xhtml1/DTD/xhtml1-transitional.dtd">
<html xmlns="http://www.w3.org/1999/xhtml" xml:lang="en" lang="en">
 <head>
  <title>
</title>
<meta http-equiv="Content-Type" content="text/html;charset=utf-8" />
  <meta name='ocr-system' content='tesseract 3.04.00' />
  <meta name='ocr-capabilities' content='ocr_page ocr_carea ocr_par ocr_line ocrx_word'/>
</head>
<body>
  <div class='ocr_page' id='page_1' title='image "./jacobisadoletie00florgoog_0202.png"; bbox 0 0 2542 4350; ppageno 0'>
   <div class='ocr_carea' id='block_1_1' title="bbox 193 449 1060 1519">
    <p class='ocr_par' dir='ltr' id='par_1_1' title="bbox 193 449 1051 1078">
     <span class='ocr_line' id='line_1_1' title="bbox 336 449 1050 530; baseline -0.017 -3"><span class='ocrx_word' id='word_1_1' title='bbox 336 467 338 470; x_wconf 80' lang='grc'><strong>’</strong></span> <span class='ocrx_word' id='word_1_2' title='bbox 365 453 597 526; x_wconf 70' lang='lat' dir='ltr'>mamm.</span> <span class='ocrx_word' id='word_1_3' title='bbox 611 449 905 520; x_wconf 76' lang='lat' dir='ltr'><strong>PONTIFICIAE·</strong></span> <span class='ocrx_word' id='word_1_4' title='bbox 1027 466 1050 530; x_wconf 64' lang='grc' dir='ltr'><strong><em>γ</em></strong></span> 
     </span>
     <span class='ocr_line' id='line_1_2' title="bbox 193 537 1049 631; baseline -0.009 -17"><span class='ocrx_word' id='word_1_5' title='bbox 193 544 376 631; x_wconf 67' lang='lat' dir='ltr'>leteffore</span> <span class='ocrx_word' id='word_1_6' title='bbox 404 547 539 622; x_wconf 84' lang='lat' dir='ltr'>nostro,</span> <span class='ocrx_word' id='word_1_7' title='bbox 562 567 619 611; x_wconf 92' lang='lat' dir='ltr'>cur</span> <span class='ocrx_word' id='word_1_8' title='bbox 644 556 678 607; x_wconf 88' lang='lat' dir='ltr'>te</span> <span class='ocrx_word' id='word_1_9' title='bbox 700 540 898 630; x_wconf 84' lang='lat' dir='ltr'>potiffimum</span> <span class='ocrx_word' id='word_1_10' title='bbox 925 537 960 606; x_wconf 85' lang='lat' dir='ltr'>in</span> <span class='ocrx_word' id='word_1_11' title='bbox 983 538 1049 606; x_wconf 87' lang='lat' dir='ltr'>hoc</span> 
     </span>
     <span class='ocr_line' id='line_1_3' title="bbox 193 629 1051 720; baseline -0.017 -14"><span class='ocrx_word' id='word_1_12' title='bbox 193 635 348 720; x_wconf 55' lang='lat' dir='ltr'>munere</span> <span class='ocrx_word' id='word_1_13' title='bbox 366 635 527 702; x_wconf 87' lang='lat' dir='ltr'>tradendo</span> <span class='ocrx_word' id='word_1_14' title='bbox 551 633 670 700; x_wconf 80' lang='lat' dir='ltr'>ceteris</span> <span class='ocrx_word' id='word_1_15' title='bbox 692 629 973 703; x_wconf 83' lang='lat' dir='ltr'>antetulerirnue,</span> <span class='ocrx_word' id='word_1_16' title='bbox 999 629 1051 692; x_wconf 85' lang='lat' dir='ltr'>sa·</span> 
     </span>
     <span class='ocr_line' id='line_1_4' title="bbox 193 715 1051 794; baseline -0.012 -2"><span class='ocrx_word' id='word_1_17' title='bbox 193 727 290 794; x_wconf 77' lang='lat' dir='ltr'>cilia</span> <span class='ocrx_word' id='word_1_18' title='bbox 306 721 348 788; x_wconf 74' lang='lat' dir='ltr'>dd</span> <span class='ocrx_word' id='word_1_19' title='bbox 361 723 564 790; x_wconf 84' lang='lat' dir='ltr'>reddendum</span> <span class='ocrx_word' id='word_1_20' title='bbox 579 722 666 788; x_wconf 83' lang='lat' dir='ltr'>ratio</span> <span class='ocrx_word' id='word_1_21' title='bbox 679 759 689 781; x_wconf 83' lang='lat'><strong>·</strong></span> <span class='ocrx_word' id='word_1_22' title='bbox 705 722 789 785; x_wconf 85' lang='lat' dir='ltr'>Nam</span> <span class='ocrx_word' id='word_1_23' title='bbox 801 732 842 783; x_wconf 89' lang='lat' dir='ltr'>ut</span> <span class='ocrx_word' id='word_1_24' title='bbox 852 715 1051 782; x_wconf 77' lang='lat' dir='ltr'>ominamur</span> 
     </span>
     <span class='ocr_line' id='line_1_5' title="bbox 193 804 1051 897; baseline -0.015 -14"><span class='ocrx_word' id='word_1_25' title='bbox 193 814 392 883; x_wconf 82' lang='lat' dir='ltr'>nobilitare</span> <span class='ocrx_word' id='word_1_26' title='bbox 454 812 585 897; x_wconf 81' lang='lat' dir='ltr'>generis</span> <span class='ocrx_word' id='word_1_27' title='bbox 609 814 641 877; x_wconf 80' lang='lat' dir='ltr'>dc</span> <span class='ocrx_word' id='word_1_28' title='bbox 666 805 832 893; x_wconf 78' lang='lat' dir='ltr'>sauguinis</span> <span class='ocrx_word' id='word_1_29' title='bbox 859 851 871 881; x_wconf 94' lang='lat'>,</span> <span class='ocrx_word' id='word_1_30' title='bbox 896 824 962 889; x_wconf 83' lang='lat' dir='ltr'>qua</span> <span class='ocrx_word' id='word_1_31' title='bbox 987 804 1051 870; x_wconf 88' lang='lat' dir='ltr'>tibi</span> 
     </span>
     <span class='ocr_line' id='line_1_6' title="bbox 193 834 1050 988; baseline -0.014 -20"><span class='ocrx_word' id='word_1_32' title='bbox 193 923 311 988; x_wconf 77' lang='lat' dir='ltr'>parea</span> <span class='ocrx_word' id='word_1_33' title='bbox 328 834 427 967; x_wconf 73' lang='lat' dir='ltr'>mulli</span> <span class='ocrx_word' id='word_1_34' title='bbox 443 899 524 985; x_wconf 75' lang='lat' dir='ltr'>supe</span> <span class='ocrx_word' id='word_1_35' title='bbox 549 899 734 967; x_wconf 83' lang='lat' dir='ltr'>extiterunt</span> <span class='ocrx_word' id='word_1_36' title='bbox 749 919 762 975; x_wconf 73' lang='grc' dir='ltr'><strong><em>ς</em></strong></span> <span class='ocrx_word' id='word_1_37' title='bbox 787 909 825 961; x_wconf 87' lang='lat' dir='ltr'>ut</span> <span class='ocrx_word' id='word_1_38' title='bbox 837 893 922 961; x_wconf 82' lang='lat' dir='ltr'>nihil</span> <span class='ocrx_word' id='word_1_39' title='bbox 944 894 984 957; x_wconf 89' lang='lat' dir='ltr'>de</span> <span class='ocrx_word' id='word_1_40' title='bbox 997 915 1050 958; x_wconf 81' lang='lat' dir='ltr'>re.</span> 
     </span>
     <span class='ocr_line' id='line_1_7' title="bbox 195 982 1048 1078; baseline -0.016 -20"><span class='ocrx_word' id='word_1_41' title='bbox 195 992 268 1078; x_wconf 68' lang='lat' dir='ltr'>&#39;gia</span> <span class='ocrx_word' id='word_1_42' title='bbox 286 993 446 1076; x_wconf 83' lang='lat' dir='ltr'>potestate</span> <span class='ocrx_word' id='word_1_43' title='bbox 459 989 632 1061; x_wconf 83' lang='lat' dir='ltr'>dicamus,</span> <span class='ocrx_word' id='word_1_44' title='bbox 656 1002 726 1068; x_wconf 79' lang='lat' dir='ltr'>que</span> <span class='ocrx_word' id='word_1_45' title='bbox 750 985 886 1050; x_wconf 80' lang='lat' dir='ltr'>fortunae</span> <span class='ocrx_word' id='word_1_46' title='bbox 897 982 1048 1071; x_wconf 88' lang='lat' dir='ltr'>plerum.</span> 
     </span>
    </p>

    <p class='ocr_par' dir='ltr' id='par_1_2' title="bbox 195 1069 1060 1519">
     <span class='ocr_line' id='line_1_8' title="bbox 235 1069 1052 1156; baseline -0.007 -13"><span class='ocrx_word' id='word_1_47' title='bbox 235 1101 278 1143; x_wconf 89' lang='lat' dir='ltr'>ue</span> <span class='ocrx_word' id='word_1_48' title='bbox 296 1078 365 1156; x_wconf 84' lang='lat' dir='ltr'>est,</span> <span class='ocrx_word' id='word_1_49' title='bbox 389 1097 454 1142; x_wconf 88' lang='lat' dir='ltr'>nou</span> <span class='ocrx_word' id='word_1_50' title='bbox 468 1076 586 1144; x_wconf 85' lang='lat' dir='ltr'>virtuti</span> <span class='ocrx_word' id='word_1_51' title='bbox 608 1074 720 1139; x_wconf 86' lang='lat' dir='ltr'>debita</span> <span class='ocrx_word' id='word_1_52' title='bbox 730 1093 744 1152; x_wconf 79' lang='lat'>3</span> <span class='ocrx_word' id='word_1_53' title='bbox 766 1071 827 1138; x_wconf 89' lang='lat' dir='ltr'>illa</span> <span class='ocrx_word' id='word_1_54' title='bbox 841 1091 927 1139; x_wconf 91' lang='lat' dir='ltr'>certe</span> <span class='ocrx_word' id='word_1_55' title='bbox 943 1069 1052 1137; x_wconf 72' lang='lat' dir='ltr'>nulli·</span> 
     </span>
     <span class='ocr_line' id='line_1_9' title="bbox 195 1101 1050 1252; baseline -0.008 -19"><span class='ocrx_word' id='word_1_56' title='bbox 195 1101 371 1233; x_wconf 53' lang='lat' dir='ltr'>{laudibus</span> <span class='ocrx_word' id='word_1_57' title='bbox 396 1165 514 1248; x_wconf 76' lang='lat' dir='ltr'>equari</span> <span class='ocrx_word' id='word_1_58' title='bbox 535 1163 666 1252; x_wconf 78' lang='lat' dir='ltr'><strong>possunt</strong></span> <span class='ocrx_word' id='word_1_59' title='bbox 686 1207 698 1238; x_wconf 92' lang='lat'>,</span> <span class='ocrx_word' id='word_1_60' title='bbox 722 1183 792 1248; x_wconf 85' lang='lat' dir='ltr'>que</span> <span class='ocrx_word' id='word_1_61' title='bbox 820 1155 873 1227; x_wconf 83' lang='lat' dir='ltr'>tu‘</span> <span class='ocrx_word' id='word_1_62' title='bbox 889 1157 1050 1227; x_wconf 76' lang='lat' dir='ltr'>adversus</span> 
     </span>
     <span class='ocr_line' id='line_1_10' title="bbox 203 1248 1047 1343; baseline -0.013 -19"><span class='ocrx_word' id='word_1_63' title='bbox 203 1256 356 1343; x_wconf 65' lang='lat' dir='ltr'>Scythas</span> <span class='ocrx_word' id='word_1_64' title='bbox 373 1254 561 1322; x_wconf 77' lang='lat' dir='ltr'>Christiana</span> <span class='ocrx_word' id='word_1_65' title='bbox 575 1249 667 1319; x_wconf 80' lang='lat' dir='ltr'>Pidei</span> <span class='ocrx_word' id='word_1_66' title='bbox 685 1251 795 1318; x_wconf 78' lang='lat' dir='ltr'>hoster</span> <span class='ocrx_word' id='word_1_67' title='bbox 809 1271 870 1340; x_wconf 93' lang='lat' dir='ltr'>pro</span> <span class='ocrx_word' id='word_1_68' title='bbox 884 1269 963 1316; x_wconf 85' lang='lat' dir='ltr'>vero</span> <span class='ocrx_word' id='word_1_69' title='bbox 977 1248 1047 1314; x_wconf 91' lang='lat' dir='ltr'>Dei</span> 
     </span>
     <span class='ocr_line' id='line_1_11' title="bbox 199 1333 1060 1432; baseline -0.012 -22"><span class='ocrx_word' id='word_1_70' title='bbox 199 1346 336 1410; x_wconf 81' lang='lat' dir='ltr'>honore</span> <span class='ocrx_word' id='word_1_71' title='bbox 355 1357 455 1431; x_wconf 86' lang='lat' dir='ltr'>atque</span> <span class='ocrx_word' id='word_1_72' title='bbox 470 1343 576 1431; x_wconf 82' lang='lat' dir='ltr'>gloria</span> <span class='ocrx_word' id='word_1_73' title='bbox 601 1361 717 1427; x_wconf 83' lang='lat' dir='ltr'>magna</span> <span class='ocrx_word' id='word_1_74' title='bbox 733 1344 949 1432; x_wconf 79' lang='lat' dir='ltr'>preclaraque</span> <span class='ocrx_word' id='word_1_75' title='bbox 974 1333 1060 1423; x_wconf 86' lang='lat' dir='ltr'>egi.&#39;</span> 
     </span>
     <span class='ocr_line' id='line_1_12' title="bbox 202 1427 1045 1519; baseline -0.005 -24"><span class='ocrx_word' id='word_1_76' title='bbox 202 1431 276 1510; x_wconf 79' lang='lat' dir='ltr'>sti,</span> <span class='ocrx_word' id='word_1_77' title='bbox 299 1432 462 1519; x_wconf 81' lang='lat' dir='ltr'>agisque,</span> <span class='ocrx_word' id='word_1_78' title='bbox 485 1445 524 1496; x_wconf 92' lang='lat' dir='ltr'>ut</span> <span class='ocrx_word' id='word_1_79' title='bbox 544 1431 721 1506; x_wconf 76' lang='lat' dir='ltr'>audimus,</span> <span class='ocrx_word' id='word_1_80' title='bbox 744 1451 845 1519; x_wconf 81' lang='lat' dir='ltr'>prope</span> <span class='ocrx_word' id='word_1_81' title='bbox 863 1427 1019 1514; x_wconf 82' lang='lat' dir='ltr'>quotidie</span> <span class='ocrx_word' id='word_1_82' title='bbox 1030 1446 1045 1505; x_wconf 67' lang='grc' dir='ltr'>ς</span> 
     </span>
    </p>
   </div>
   <div class='ocr_carea' id='block_1_2' title="bbox 203 1515 1183 1613">
    <p class='ocr_par' dir='ltr' id='par_1_3' title="bbox 203 1515 1183 1613">
     <span class='ocr_line' id='line_1_13' title="bbox 203 1515 1183 1613; baseline -0.011 -26"><span class='ocrx_word' id='word_1_83' title='bbox 203 1516 258 1587; x_wconf 81' lang='lat' dir='ltr'>ita</span> <span class='ocrx_word' id='word_1_84' title='bbox 280 1539 374 1586; x_wconf 79' lang='lat' dir='ltr'>turea</span> <span class='ocrx_word' id='word_1_85' title='bbox 389 1523 502 1588; x_wconf 81' lang='lat' dir='ltr'>nostre</span> <span class='ocrx_word' id='word_1_86' title='bbox 519 1518 641 1585; x_wconf 73' lang='lat' dir='ltr'>crebris</span> <span class='ocrx_word' id='word_1_87' title='bbox 668 1518 970 1605; x_wconf 77' lang='lat' dir='ltr'>atqueinsrgnibua</span> <span class='ocrx_word' id='word_1_88' title='bbox 991 1515 1047 1588; x_wconf 66' lang='lat' dir='ltr'>vi,</span> <span class='ocrx_word' id='word_1_89' title='bbox 1179 1593 1183 1613; x_wconf 28' lang='grc' dir='ltr'><em>Δ</em></span> 
     </span>
    </p>
   </div>
   <div class='ocr_carea' id='block_1_3' title="bbox 201 1602 1048 2584">
    <p class='ocr_par' dir='ltr' id='par_1_4' title="bbox 201 1602 1048 2584">
     <span class='ocr_line' id='line_1_14' title="bbox 205 1602 1046 1696; baseline -0.005 -23"><span class='ocrx_word' id='word_1_90' title='bbox 205 1608 325 1673; x_wconf 74' lang='lat' dir='ltr'>diociis</span> <span class='ocrx_word' id='word_1_91' title='bbox 344 1610 413 1673; x_wconf 83' lang='lat' dir='ltr'>tuin</span> <span class='ocrx_word' id='word_1_92' title='bbox 435 1616 502 1692; x_wconf 86' lang='lat' dir='ltr'>jam</span> <span class='ocrx_word' id='word_1_93' title='bbox 526 1607 699 1674; x_wconf 84' lang='lat' dir='ltr'>caluerunt</span> <span class='ocrx_word' id='word_1_94' title='bbox 707 1630 720 1687; x_wconf 74' lang='grc' dir='ltr'><strong><em>ς</em></strong></span> <span class='ocrx_word' id='word_1_95' title='bbox 742 1627 780 1673; x_wconf 88' lang='lat' dir='ltr'>ea</span> <span class='ocrx_word' id='word_1_96' title='bbox 795 1627 893 1696; x_wconf 85' lang='lat' dir='ltr'>porro</span> <span class='ocrx_word' id='word_1_97' title='bbox 910 1602 1046 1690; x_wconf 77' lang='lat' dir='ltr'>proprie</span> 
     </span>
     <span class='ocr_line' id='line_1_15' title="bbox 205 1692 1047 1773; baseline -0.011 -9"><span class='ocrx_word' id='word_1_98' title='bbox 205 1694 287 1764; x_wconf 84' lang='lat' dir='ltr'>sunt</span> <span class='ocrx_word' id='word_1_99' title='bbox 312 1697 388 1773; x_wconf 81' lang='lat' dir='ltr'>tui3</span> <span class='ocrx_word' id='word_1_100' title='bbox 412 1717 431 1762; x_wconf 79' lang='lat' dir='ltr'>a</span> <span class='ocrx_word' id='word_1_101' title='bbox 445 1702 524 1766; x_wconf 91' lang='lat' dir='ltr'>Deo</span> <span class='ocrx_word' id='word_1_102' title='bbox 539 1712 648 1761; x_wconf 84' lang='lat' dir='ltr'>tamen</span> <span class='ocrx_word' id='word_1_103' title='bbox 669 1699 801 1760; x_wconf 62' lang='lat' dir='ltr'>authore</span> <span class='ocrx_word' id='word_1_104' title='bbox 817 1692 968 1760; x_wconf 86' lang='lat' dir='ltr'>omnium</span> <span class='ocrx_word' id='word_1_105' title='bbox 983 1693 1047 1756; x_wconf 86' lang='lat' dir='ltr'>bo·</span> 
     </span>
     <span class='ocr_line' id='line_1_16' title="bbox 205 1778 1048 1871; baseline -0.007 -19"><span class='ocrx_word' id='word_1_106' title='bbox 205 1804 326 1853; x_wconf 88' lang='lat' dir='ltr'>norum</span> <span class='ocrx_word' id='word_1_107' title='bbox 351 1784 394 1848; x_wconf 84' lang='lat' dir='ltr'>ad</span> <span class='ocrx_word' id='word_1_108' title='bbox 421 1800 454 1852; x_wconf 85' lang='lat' dir='ltr'>te</span> <span class='ocrx_word' id='word_1_109' title='bbox 467 1785 635 1871; x_wconf 74' lang='lat' dir='ltr'>profecta,</span> <span class='ocrx_word' id='word_1_110' title='bbox 658 1785 712 1849; x_wconf 92' lang='lat' dir='ltr'>cui</span> <span class='ocrx_word' id='word_1_111' title='bbox 736 1796 773 1848; x_wconf 89' lang='lat' dir='ltr'>tu</span> <span class='ocrx_word' id='word_1_112' title='bbox 790 1781 878 1856; x_wconf 90' lang='lat' dir='ltr'>soli,</span> <span class='ocrx_word' id='word_1_113' title='bbox 901 1803 959 1846; x_wconf 88' lang='lat' dir='ltr'>uec</span> <span class='ocrx_word' id='word_1_114' title='bbox 981 1778 1048 1846; x_wconf 90' lang='lat' dir='ltr'>ulli</span> 
     </span>
     <span class='ocr_line' id='line_1_17' title="bbox 206 1867 1044 1961; baseline 0 -25"><span class='ocrx_word' id='word_1_115' title='bbox 206 1888 363 1961; x_wconf 81' lang='lat' dir='ltr'>preterea</span> <span class='ocrx_word' id='word_1_116' title='bbox 379 1874 500 1940; x_wconf 78' lang='lat' dir='ltr'>deber.</span> <span class='ocrx_word' id='word_1_117' title='bbox 524 1874 610 1938; x_wconf 83' lang='lat' dir='ltr'>Nam</span> <span class='ocrx_word' id='word_1_118' title='bbox 624 1875 678 1946; x_wconf 77' lang='grc' dir='ltr'>,δι</span> <span class='ocrx_word' id='word_1_119' title='bbox 693 1873 721 1938; x_wconf 83' lang='lat' dir='ltr'>ic</span> <span class='ocrx_word' id='word_1_120' title='bbox 736 1870 827 1946; x_wconf 84' lang='lat' dir='ltr'>fecit,</span> <span class='ocrx_word' id='word_1_121' title='bbox 837 1887 876 1936; x_wconf 88' lang='lat' dir='ltr'>ot</span> <span class='ocrx_word' id='word_1_122' title='bbox 890 1867 1044 1957; x_wconf 80' lang='lat' dir='ltr'>preclare</span> 
     </span>
     <span class='ocr_line' id='line_1_18' title="bbox 204 1960 1045 2051; baseline 0 -25"><span class='ocrx_word' id='word_1_123' title='bbox 204 1963 249 2026; x_wconf 90' lang='lat' dir='ltr'>de</span> <span class='ocrx_word' id='word_1_124' title='bbox 273 1981 313 2026; x_wconf 92' lang='lat' dir='ltr'>eo</span> <span class='ocrx_word' id='word_1_125' title='bbox 340 1964 448 2051; x_wconf 84' lang='lat' dir='ltr'>posset</span> <span class='ocrx_word' id='word_1_126' title='bbox 468 1960 673 2049; x_wconf 88' lang='lat' dir='ltr'>promereri,</span> <span class='ocrx_word' id='word_1_127' title='bbox 695 1965 726 2029; x_wconf 82' lang='lat' dir='ltr'>dr</span> <span class='ocrx_word' id='word_1_128' title='bbox 748 1960 839 2025; x_wconf 87' lang='lat' dir='ltr'>idem</span> <span class='ocrx_word' id='word_1_129' title='bbox 859 1960 981 2037; x_wconf 86' lang='lat' dir='ltr'>saciet,</span> <span class='ocrx_word' id='word_1_130' title='bbox 1005 1975 1045 2027; x_wconf 89' lang='lat' dir='ltr'>ut</span> 
     </span>
     <span class='ocr_line' id='line_1_19' title="bbox 205 2047 1042 2139; baseline 0.002 -26"><span class='ocrx_word' id='word_1_131' title='bbox 205 2049 360 2115; x_wconf 87' lang='lat' dir='ltr'>laborum</span> <span class='ocrx_word' id='word_1_132' title='bbox 373 2094 385 2126; x_wconf 94' lang='lat'>,</span> <span class='ocrx_word' id='word_1_133' title='bbox 407 2047 673 2139; x_wconf 81' lang='lat' dir='ltr'>&amp;periculorum</span> <span class='ocrx_word' id='word_1_134' title='bbox 687 2050 836 2115; x_wconf 84' lang='lat' dir='ltr'>omnium</span> <span class='ocrx_word' id='word_1_135' title='bbox 848 2092 860 2126; x_wconf 97' lang='lat'>,</span> <span class='ocrx_word' id='word_1_136' title='bbox 883 2070 955 2132; x_wconf 80' lang='lat' dir='ltr'>que</span> <span class='ocrx_word' id='word_1_137' title='bbox 965 2114 969 2124; x_wconf 81' lang='grc'><em>,</em></span> <span class='ocrx_word' id='word_1_138' title='bbox 981 2069 1042 2135; x_wconf 87' lang='lat' dir='ltr'>pro</span> 
     </span>
     <span class='ocr_line' id='line_1_20' title="bbox 204 2136 1041 2218; baseline 0.001 -13"><span class='ocrx_word' id='word_1_139' title='bbox 204 2138 301 2205; x_wconf 82' lang='lat' dir='ltr'>illiue</span> <span class='ocrx_word' id='word_1_140' title='bbox 321 2140 454 2206; x_wconf 85' lang='lat' dir='ltr'>nomine</span> <span class='ocrx_word' id='word_1_141' title='bbox 477 2138 684 2206; x_wconf 84' lang='lat' dir='ltr'>defendendo</span> <span class='ocrx_word' id='word_1_142' title='bbox 703 2136 852 2217; x_wconf 80' lang='lat' dir='ltr'>subiisti,</span> <span class='ocrx_word' id='word_1_143' title='bbox 876 2140 939 2206; x_wconf 86' lang='lat' dir='ltr'>fint</span> <span class='ocrx_word' id='word_1_144' title='bbox 952 2139 1016 2206; x_wconf 89' lang='lat' dir='ltr'>tibi</span> <span class='ocrx_word' id='word_1_145' title='bbox 1028 2186 1041 2218; x_wconf 91' lang='lat'>,</span> 
     </span>
     <span class='ocr_line' id='line_1_21' title="bbox 204 2226 1042 2318; baseline 0.005 -22"><span class='ocrx_word' id='word_1_146' title='bbox 204 2230 237 2296; x_wconf 74' lang='grc' dir='ltr'><strong><em>ἃ</em></strong></span> <span class='ocrx_word' id='word_1_147' title='bbox 258 2229 292 2294; x_wconf 90' lang='lat' dir='ltr'>in</span> <span class='ocrx_word' id='word_1_148' title='bbox 304 2228 415 2304; x_wconf 80' lang='lat' dir='ltr'>coelo,</span> <span class='ocrx_word' id='word_1_149' title='bbox 436 2230 467 2295; x_wconf 79' lang='lat' dir='ltr'>dr</span> <span class='ocrx_word' id='word_1_150' title='bbox 484 2228 515 2292; x_wconf 90' lang='lat' dir='ltr'>io</span> <span class='ocrx_word' id='word_1_151' title='bbox 529 2226 627 2295; x_wconf 72' lang='lat' dir='ltr'>tertii</span> <span class='ocrx_word' id='word_1_152' title='bbox 641 2244 753 2316; x_wconf 87' lang='lat' dir='ltr'>parata</span> <span class='ocrx_word' id='word_1_153' title='bbox 770 2228 904 2318; x_wconf 81' lang='lat' dir='ltr'>premia</span> <span class='ocrx_word' id='word_1_154' title='bbox 917 2227 1042 2318; x_wconf 85' lang='lat' dir='ltr'>sempi-</span> 
     </span>
     <span class='ocr_line' id='line_1_22' title="bbox 204 2315 1041 2389; baseline 0.001 -7"><span class='ocrx_word' id='word_1_155' title='bbox 204 2331 319 2382; x_wconf 81' lang='lat' dir='ltr'>terna.</span> <span class='ocrx_word' id='word_1_156' title='bbox 344 2321 415 2385; x_wconf 84' lang='lat' dir='ltr'>Noe</span> <span class='ocrx_word' id='word_1_157' title='bbox 429 2315 471 2381; x_wconf 84' lang='lat' dir='ltr'>ad</span> <span class='ocrx_word' id='word_1_158' title='bbox 484 2320 699 2384; x_wconf 84' lang='lat' dir='ltr'>serenitatem</span> <span class='ocrx_word' id='word_1_159' title='bbox 713 2333 807 2384; x_wconf 85' lang='lat' dir='ltr'>tuam</span> <span class='ocrx_word' id='word_1_160' title='bbox 822 2320 933 2386; x_wconf 73' lang='lat' dir='ltr'>Pairia</span> <span class='ocrx_word' id='word_1_161' title='bbox 957 2323 1041 2389; x_wconf 76' lang='lat' dir='ltr'>affe.</span> 
     </span>
     <span class='ocr_line' id='line_1_23' title="bbox 203 2405 1041 2497; baseline 0.014 -30"><span class='ocrx_word' id='word_1_162' title='bbox 203 2405 281 2481; x_wconf 73' lang='lat' dir='ltr'>dtu,</span> <span class='ocrx_word' id='word_1_163' title='bbox 303 2407 432 2472; x_wconf 80' lang='lat' dir='ltr'>&amp;nora</span> <span class='ocrx_word' id='word_1_164' title='bbox 458 2409 603 2490; x_wconf 81' lang='lat' dir='ltr'>quadam</span> <span class='ocrx_word' id='word_1_165' title='bbox 620 2407 783 2475; x_wconf 82' lang='lat' dir='ltr'>charitate</span> <span class='ocrx_word' id='word_1_166' title='bbox 800 2430 877 2497; x_wconf 81' lang='lat' dir='ltr'>erga</span> <span class='ocrx_word' id='word_1_167' title='bbox 892 2408 1041 2479; x_wconf 73' lang='lat' dir='ltr'>virtuter</span> 
     </span>
     <span class='ocr_line' id='line_1_24' title="bbox 201 2491 1043 2584; baseline 0.008 -25"><span class='ocrx_word' id='word_1_168' title='bbox 201 2508 280 2559; x_wconf 81' lang='lat' dir='ltr'>tuat</span> <span class='ocrx_word' id='word_1_169' title='bbox 305 2491 527 2570; x_wconf 83' lang='lat' dir='ltr'>inflammati,</span> <span class='ocrx_word' id='word_1_170' title='bbox 552 2494 794 2581; x_wconf 69' lang='lat' dir='ltr'>perscripsimus</span> <span class='ocrx_word' id='word_1_171' title='bbox 814 2543 826 2573; x_wconf 93' lang='lat'>,</span> <span class='ocrx_word' id='word_1_172' title='bbox 850 2514 888 2565; x_wconf 87' lang='lat' dir='ltr'>ut</span> <span class='ocrx_word' id='word_1_173' title='bbox 911 2514 945 2563; x_wconf 86' lang='lat' dir='ltr'>te</span> <span class='ocrx_word' id='word_1_174' title='bbox 968 2502 1043 2584; x_wconf 60' lang='lat' dir='ltr'>iru‘</span> 
     </span>
    </p>
   </div>
   <div class='ocr_carea' id='block_1_4' title="bbox 200 2578 1149 2672">
    <p class='ocr_par' dir='ltr' id='par_1_5' title="bbox 200 2578 1149 2672">
     <span class='ocr_line' id='line_1_25' title="bbox 200 2578 1149 2672; baseline 0.001 -24"><span class='ocrx_word' id='word_1_175' title='bbox 200 2578 353 2648; x_wconf 88' lang='lat' dir='ltr'>Domino</span> <span class='ocrx_word' id='word_1_176' title='bbox 375 2584 486 2650; x_wconf 73' lang='lat' dir='ltr'>nostro</span> <span class='ocrx_word' id='word_1_177' title='bbox 498 2583 573 2655; x_wconf 83' lang='lat' dir='ltr'>lesu</span> <span class='ocrx_word' id='word_1_178' title='bbox 584 2584 713 2650; x_wconf 83' lang='lat' dir='ltr'>Christo</span> <span class='ocrx_word' id='word_1_179' title='bbox 731 2587 960 2665; x_wconf 81' lang='lat' dir='ltr'>hortaremur,</span> <span class='ocrx_word' id='word_1_180' title='bbox 980 2592 1036 2654; x_wconf 84' lang='lat' dir='ltr'>ni.</span> <span class='ocrx_word' id='word_1_181' title='bbox 1139 2657 1149 2672; x_wconf 18' lang='grc' dir='ltr'>ᾗ</span> 
     </span>
    </p>
   </div>
   <div class='ocr_carea' id='block_1_5' title="bbox 195 2669 1130 3844">
    <p class='ocr_par' dir='ltr' id='par_1_6' title="bbox 195 2669 1130 3844">
     <span class='ocr_line' id='line_1_26' title="bbox 198 2669 1037 2742; baseline 0.007 -5"><span class='ocrx_word' id='word_1_182' title='bbox 198 2669 249 2737; x_wconf 85' lang='lat' dir='ltr'>his</span> <span class='ocrx_word' id='word_1_183' title='bbox 274 2674 446 2738; x_wconf 74' lang='lat' dir='ltr'>deflectere</span> <span class='ocrx_word' id='word_1_184' title='bbox 463 2673 505 2736; x_wconf 84' lang='lat' dir='ltr'>ab</span> <span class='ocrx_word' id='word_1_185' title='bbox 529 2673 686 2738; x_wconf 85' lang='lat' dir='ltr'>instituto</span> <span class='ocrx_word' id='word_1_186' title='bbox 707 2672 825 2740; x_wconf 88' lang='lat' dir='ltr'>itinere</span> <span class='ocrx_word' id='word_1_187' title='bbox 845 2690 944 2739; x_wconf 82' lang='lat' dir='ltr'>taotre</span> <span class='ocrx_word' id='word_1_188' title='bbox 964 2677 1037 2742; x_wconf 85' lang='lat' dir='ltr'>vir·</span> 
     </span>
     <span class='ocr_line' id='line_1_27' title="bbox 197 2757 1042 2846; baseline 0.007 -21"><span class='ocrx_word' id='word_1_189' title='bbox 197 2757 313 2835; x_wconf 78' lang='lat' dir='ltr'>tutis,</span> <span class='ocrx_word' id='word_1_190' title='bbox 334 2763 365 2826; x_wconf 79' lang='lat' dir='ltr'>dc</span> <span class='ocrx_word' id='word_1_191' title='bbox 390 2759 525 2846; x_wconf 76' lang='lat' dir='ltr'>pietatis</span> <span class='ocrx_word' id='word_1_192' title='bbox 549 2804 560 2837; x_wconf 92' lang='lat'>,</span> <span class='ocrx_word' id='word_1_193' title='bbox 584 2757 641 2827; x_wconf 87' lang='lat' dir='ltr'>sed</span> <span class='ocrx_word' id='word_1_194' title='bbox 668 2762 868 2829; x_wconf 83' lang='lat' dir='ltr'>confiderare</span> <span class='ocrx_word' id='word_1_195' title='bbox 893 2764 1006 2831; x_wconf 88' lang='lat' dir='ltr'>Deurn</span> <span class='ocrx_word' id='word_1_196' title='bbox 1023 2785 1042 2846; x_wconf 75' lang='lat'>,¹</span> 
     </span>
     <span class='ocr_line' id='line_1_28' title="bbox 197 2848 1036 2942; baseline 0.011 -28"><span class='ocrx_word' id='word_1_197' title='bbox 197 2869 301 2933; x_wconf 87' lang='lat' dir='ltr'>eaque</span> <span class='ocrx_word' id='word_1_198' title='bbox 319 2868 439 2935; x_wconf 79' lang='lat' dir='ltr'>agere,</span> <span class='ocrx_word' id='word_1_199' title='bbox 464 2870 535 2931; x_wconf 85' lang='lat' dir='ltr'>que</span> <span class='ocrx_word' id='word_1_200' title='bbox 562 2848 615 2914; x_wconf 84' lang='lat' dir='ltr'>illi</span> <span class='ocrx_word' id='word_1_201' title='bbox 629 2863 747 2936; x_wconf 85' lang='lat' dir='ltr'>grata,</span> <span class='ocrx_word' id='word_1_202' title='bbox 769 2855 799 2921; x_wconf 73' lang='grc' dir='ltr'><strong>ἃ</strong></span> <span class='ocrx_word' id='word_1_203' title='bbox 819 2853 957 2942; x_wconf 84' lang='lat' dir='ltr'>probata</span> <span class='ocrx_word' id='word_1_204' title='bbox 971 2857 1036 2924; x_wconf 83' lang='lat' dir='ltr'>else</span> 
     </span>
     <span class='ocr_line' id='line_1_29' title="bbox 195 2935 1059 3026; baseline 0.012 -25"><span class='ocrx_word' id='word_1_205' title='bbox 195 2935 394 3026; x_wconf 80' lang='lat' dir='ltr'>intelligar.</span> <span class='ocrx_word' id='word_1_206' title='bbox 417 2939 552 3004; x_wconf 77' lang='lat' dir='ltr'>Dilecto</span> <span class='ocrx_word' id='word_1_207' title='bbox 578 2940 712 3025; x_wconf 86' lang='lat' dir='ltr'>quidem</span> <span class='ocrx_word' id='word_1_208' title='bbox 739 2940 809 3006; x_wconf 86' lang='lat' dir='ltr'>silio</span> <span class='ocrx_word' id='word_1_209' title='bbox 835 2943 941 3009; x_wconf 86' lang='lat' dir='ltr'>Paulo</span> <span class='ocrx_word' id='word_1_210' title='bbox 963 2940 1059 3011; x_wconf 52' lang='lat' dir='ltr'>ese?</span> 
     </span>
     <span class='ocr_line' id='line_1_30' title="bbox 200 3026 1036 3113; baseline 0.019 -25"><span class='ocrx_word' id='word_1_211' title='bbox 200 3026 254 3089; x_wconf 75' lang='lat' dir='ltr'>dio</span> <span class='ocrx_word' id='word_1_212' title='bbox 282 3026 537 3103; x_wconf 72' lang='lat' dir='ltr'>mandavimus,</span> <span class='ocrx_word' id='word_1_213' title='bbox 575 3028 604 3095; x_wconf 91' lang='lat' dir='ltr'>ei</span> <span class='ocrx_word' id='word_1_214' title='bbox 631 3028 689 3113; x_wconf 91' lang='lat' dir='ltr'>qui</span> <span class='ocrx_word' id='word_1_215' title='bbox 711 3030 810 3096; x_wconf 83' lang='lat' dir='ltr'>ad-te</span> <span class='ocrx_word' id='word_1_216' title='bbox 835 3027 942 3099; x_wconf 87' lang='lat' dir='ltr'>ensem</span> <span class='ocrx_word' id='word_1_217' title='bbox 965 3078 977 3110; x_wconf 90' lang='lat'>‚</span> <span class='ocrx_word' id='word_1_218' title='bbox 999 3039 1036 3104; x_wconf 62' lang='grc' dir='ltr'><strong><em>ἃ</em></strong></span> 
     </span>
     <span class='ocr_line' id='line_1_31' title="bbox 200 3113 1034 3203; baseline 0.017 -27"><span class='ocrx_word' id='word_1_219' title='bbox 200 3113 326 3203; x_wconf 83' lang='lat' dir='ltr'>pileum</span> <span class='ocrx_word' id='word_1_220' title='bbox 342 3115 546 3203; x_wconf 74' lang='lat' dir='ltr'>supradicior</span> <span class='ocrx_word' id='word_1_221' title='bbox 570 3118 690 3183; x_wconf 81' lang='lat' dir='ltr'>attulit</span> <span class='ocrx_word' id='word_1_222' title='bbox 713 3163 725 3197; x_wconf 99' lang='lat'>,</span> <span class='ocrx_word' id='word_1_223' title='bbox 749 3133 786 3185; x_wconf 92' lang='lat' dir='ltr'>ut</span> <span class='ocrx_word' id='word_1_224' title='bbox 812 3118 844 3187; x_wconf 91' lang='lat' dir='ltr'>io</span> <span class='ocrx_word' id='word_1_225' title='bbox 871 3122 922 3188; x_wconf 86' lang='lat' dir='ltr'>eit</span> <span class='ocrx_word' id='word_1_226' title='bbox 948 3144 1034 3190; x_wconf 87' lang='lat' dir='ltr'>con·</span> 
     </span>
     <span class='ocr_line' id='line_1_32' title="bbox 198 3204 1033 3299; baseline 0.014 -32"><span class='ocrx_word' id='word_1_227' title='bbox 198 3204 390 3289; x_wconf 74' lang='lat' dir='ltr'>signandis,</span> <span class='ocrx_word' id='word_1_228' title='bbox 413 3205 508 3272; x_wconf 76' lang='lat' dir='ltr'>Missa</span> <span class='ocrx_word' id='word_1_229' title='bbox 527 3206 715 3274; x_wconf 83' lang='lat' dir='ltr'>solemniter</span> <span class='ocrx_word' id='word_1_230' title='bbox 742 3209 933 3287; x_wconf 79' lang='lat' dir='ltr'>celebrata,</span> <span class='ocrx_word' id='word_1_231' title='bbox 956 3214 1033 3299; x_wconf 90' lang='lat' dir='ltr'>ple·</span> 
     </span>
     <span class='ocr_line' id='line_1_33' title="bbox 197 3292 1034 3390; baseline 0.014 -33"><span class='ocrx_word' id='word_1_232' title='bbox 197 3292 320 3358; x_wconf 86' lang='lat' dir='ltr'>nariam</span> <span class='ocrx_word' id='word_1_233' title='bbox 347 3293 589 3383; x_wconf 87' lang='lat' dir='ltr'>indulgentiam</span> <span class='ocrx_word' id='word_1_234' title='bbox 617 3296 771 3363; x_wconf 73' lang='lat' dir='ltr'>omnibus</span> <span class='ocrx_word' id='word_1_235' title='bbox 802 3299 860 3385; x_wconf 89' lang='lat' dir='ltr'>qui</span> <span class='ocrx_word' id='word_1_236' title='bbox 891 3302 1034 3390; x_wconf 76' lang='lat' dir='ltr'>presen-</span> 
     </span>
     <span class='ocr_line' id='line_1_34' title="bbox 198 3380 1034 3479; baseline 0.013 -36"><span class='ocrx_word' id='word_1_237' title='bbox 198 3393 249 3443; x_wconf 86' lang='lat' dir='ltr'>tea</span> <span class='ocrx_word' id='word_1_238' title='bbox 273 3380 442 3449; x_wconf 85' lang='lat' dir='ltr'>adfuerint</span> <span class='ocrx_word' id='word_1_239' title='bbox 465 3387 507 3451; x_wconf 88' lang='lat' dir='ltr'>de</span> <span class='ocrx_word' id='word_1_240' title='bbox 530 3384 660 3464; x_wconf 80' lang='lat' dir='ltr'>nostra,</span> <span class='ocrx_word' id='word_1_241' title='bbox 682 3391 712 3455; x_wconf 77' lang='lat' dir='ltr'>dc</span> <span class='ocrx_word' id='word_1_242' title='bbox 735 3390 914 3472; x_wconf 80' lang='lat' dir='ltr'>Beatorum</span> <span class='ocrx_word' id='word_1_243' title='bbox 937 3396 1034 3479; x_wconf 81' lang='lat' dir='ltr'>Apo·</span> 
     </span>
     <span class='ocr_line' id='line_1_35' title="bbox 197 3465 1032 3551; baseline 0.02 -23"><span class='ocrx_word' id='word_1_244' title='bbox 197 3465 357 3536; x_wconf 85' lang='lat' dir='ltr'>stolorum</span> <span class='ocrx_word' id='word_1_245' title='bbox 381 3474 470 3540; x_wconf 84' lang='lat' dir='ltr'>Petri</span> <span class='ocrx_word' id='word_1_246' title='bbox 493 3520 504 3551; x_wconf 95' lang='lat'>,</span> <span class='ocrx_word' id='word_1_247' title='bbox 527 3478 556 3543; x_wconf 75' lang='lat' dir='ltr'>u</span> <span class='ocrx_word' id='word_1_248' title='bbox 580 3475 675 3542; x_wconf 78' lang='lat' dir='ltr'>Pauli</span> <span class='ocrx_word' id='word_1_249' title='bbox 701 3478 900 3543; x_wconf 61' lang='lat' dir='ltr'>auctoritate</span> <span class='ocrx_word' id='word_1_250' title='bbox 926 3482 1032 3547; x_wconf 85' lang='lat' dir='ltr'>conli-</span> 
     </span>
     <span class='ocr_line' id='line_1_36' title="bbox 200 3553 1032 3650; baseline 0.02 -31"><span class='ocrx_word' id='word_1_251' title='bbox 200 3553 256 3619; x_wconf 88' lang='lat' dir='ltr'>sur</span> <span class='ocrx_word' id='word_1_252' title='bbox 283 3560 440 3626; x_wconf 85' lang='lat' dir='ltr'>concedat</span> <span class='ocrx_word' id='word_1_253' title='bbox 462 3605 474 3637; x_wconf 94' lang='lat'>,</span> <span class='ocrx_word' id='word_1_254' title='bbox 495 3566 527 3631; x_wconf 82' lang='lat' dir='ltr'>dr</span> <span class='ocrx_word' id='word_1_255' title='bbox 553 3563 746 3650; x_wconf 83' lang='lat' dir='ltr'>largiatur.</span> <span class='ocrx_word' id='word_1_256' title='bbox 770 3566 899 3635; x_wconf 72' lang='lat' dir='ltr'>Ceteris</span> <span class='ocrx_word' id='word_1_257' title='bbox 920 3570 952 3635; x_wconf 90' lang='lat' dir='ltr'>in</span> <span class='ocrx_word' id='word_1_258' title='bbox 976 3592 1032 3635; x_wconf 90' lang='lat' dir='ltr'>re-</span> 
     </span>
     <span class='ocr_line' id='line_1_37' title="bbox 199 3644 1130 3745; baseline 0.014 -36"><span class='ocrx_word' id='word_1_259' title='bbox 199 3644 284 3737; x_wconf 85' lang='lat' dir='ltr'>but,¹</span> <span class='ocrx_word' id='word_1_260' title='bbox 306 3649 398 3736; x_wconf 84' lang='lat' dir='ltr'>quod</span> <span class='ocrx_word' id='word_1_261' title='bbox 420 3651 464 3719; x_wconf 79' lang='lat' dir='ltr'>ad</span> <span class='ocrx_word' id='word_1_262' title='bbox 476 3648 672 3745; x_wconf 77' lang='lat' dir='ltr'>dignitatem</span> <span class='ocrx_word' id='word_1_263' title='bbox 687 3658 717 3720; x_wconf 84' lang='lat' dir='ltr'>dr</span> <span class='ocrx_word' id='word_1_264' title='bbox 733 3658 945 3730; x_wconf 72' lang='lat' dir='ltr'>commodum</span> <span class='ocrx_word' id='word_1_265' title='bbox 956 3658 1034 3723; x_wconf 83' lang='lat' dir='ltr'>Ma·</span> <span class='ocrx_word' id='word_1_266' title='bbox 1126 3672 1130 3682; x_wconf 86' lang='lat'><em>·</em></span> 
     </span>
     <span class='ocr_line' id='line_1_38' title="bbox 644 3745 1037 3844; baseline 0.028 -14"><span class='ocrx_word' id='word_1_267' title='bbox 644 3745 725 3830; x_wconf 70' lang='lat' dir='ltr'>‚Ar</span> <span class='ocrx_word' id='word_1_268' title='bbox 983 3752 1037 3844; x_wconf 57' lang='lat' dir='ltr'>ifle</span> 
     </span>
    </p>
   </div>
   <div class='ocr_carea' id='block_1_6' title="bbox 0 0 1277 4350">
    <p class='ocr_par' dir='ltr' id='par_1_7' title="bbox 0 0 1277 4350">
     <span class='ocr_line' id='line_1_39' title="bbox 0 0 1277 4350; baseline 0 0"><span class='ocrx_word' id='word_1_269' title='bbox 0 0 1277 4350; x_wconf 95' lang='lat' dir='ltr'> </span> 
     </span>
    </p>
   </div>
  </div>
 </body>
</html>
