2542 4350
316 508 361 592 ‚s
465 492 677 570 incossl
708 487 1007 560 annom!

318 584 414 651 retici
430 606 555 650 errores
581 582 614 647 iu
628 580 742 647 inclita
763 581 948 645 Germania
967 595 1029 644 ture
1043 580 1164 647 natio.

321 693 385 744 ue,
411 675 540 736 auclore
553 671 699 753 quodam
711 668 857 731 Martino
868 668 1012 732 Luthero
1028 710 1039 740 ,
1056 667 1166 732 semi·

322 759 393 824 nati
412 763 473 832 ‚St
502 761 535 822 in
560 758 656 819 libris
677 756 813 839 impressi
838 755 969 840 publice
992 755 1165 839 divulgati

323 847 478 917 fuissent,
502 864 539 907 ac
559 842 709 908 nonnulli
735 841 793 904 alii
818 845 858 904 ab
880 845 993 905 eodem
1011 844 1166 909 Martino

255 943 256 947 ’
326 930 499 997 seditionis
517 932 687 997 materiam
702 947 875 1019 querente,
891 928 1028 1001 sedutti,
1042 928 1161 1006 huius·

321 1022 415 1082 modi
438 1021 603 1084 erroribus
625 1017 849 1090 adhesissem,
873 1019 979 1100 sieque
1004 1017 1090 1081 alios
1107 1019 1163 1081 irr-

324 1104 418 1192 super
439 1105 496 1191 ipss
519 1105 781 1189 excogitassent3
806 1124 891 1178 nos,
915 1124 1054 1187 quorum
1080 1127 1162 1191 pro·

325 1197 435 1279 prium
449 1192 590 1259 officium
607 1192 651 1254 est
664 1193 791 1257 vineam
809 1190 947 1256 Domini
965 1193 1159 1270 ,hujusmo-

327 1283 362 1344 di
387 1280 541 1363 ucpribus
555 1280 587 1343 in
602 1297 638 1341 ea
654 1277 859 1344 nascentibus
875 1297 1034 1364 purgare,
1045 1297 1080 1343 ac
1092 1277 1160 1344 Dei

322 1367 473 1432 Ecclefiae
501 1367 661 1433 unitatem
686 1409 696 1439 ‚
730 1367 943 1450 quantumin
969 1363 1067 1429 nobis
1091 1367 1159 1440 esi,

327 1469 492 1542 praeeunte
511 1455 636 1538 semper
648 1455 797 1518 Domino
810 1450 1020 1527 conservare,
1044 1470 1080 1517 ac
1102 1476 1164 1537 pe·

327 1542 496 1607 riculis&
524 1540 752 1606 offensionibus
778 1538 955 1626 prasertim
981 1539 1106 1613 latius,
1129 1543 1160 1607 dt

326 1628 359 1692 in
376 1627 594 1713 complurium
610 1627 843 1694 detrimentum
868 1629 1075 1691 manantibus
1099 1628 1162 1690 ob·

324 1715 412 1780 viare
438 1758 449 1789 ‚
472 1736 504 1778 re
530 1714 765 1802 diligentissime
792 1714 882 1800 prius
918 1736 990 1778 cum
1022 1711 1159 1778 consilio

328 1799 484 1874 discussa,
509 1803 549 1866 de
565 1805 714 1868 fratrum
732 1803 914 1866 nostrorum
930 1799 1088 1866 sententia
1109 1819 1160 1863 er·
1179 1798 1182 1805 '

325 1908 414 1951 rores
429 1887 518 1974 ipsos
532 1890 650 1973 partim
665 1887 763 1954 salsos
776 1887 1016 1961 achamirus,
1036 1888 1158 1979 partim

327 1994 406 2037 vero
420 1994 437 2036 a
452 1974 636 2043 Christiana
656 1980 779 2060 pietate
797 1975 983 2040 aberrantes
995 1980 1041 2052 ,dr
1057 1976 1158 2039 resias

330 2061 485 2127 ledentes
499 2061 713 2128 conscientias
726 2061 901 2140 judicando
916 2061 1159 2134 damnavimus,

327 2165 365 2211 ac
380 2148 522 2224 ejusdem
536 2149 673 2215 Martini
695 2150 797 2214 libros
821 2148 926 2215 ditius
938 2171 1082 2229 errores,
1105 2148 1159 2216 seu

327 2233 470 2316 aliquem
497 2258 608 2300 eorum
628 2236 660 2298 in
676 2236 707 2301 se
723 2234 949 2312 continentes,
972 2239 1040 2325 igni
1066 2259 1159 2302 com-

329 2320 432 2397 buri3
455 2324 577 2407 ipsique
598 2323 771 2396 Macrino,
795 2338 833 2384 ut
859 2324 900 2386 ab
927 2330 1016 2392 omni
1038 2326 1159 2414 predi·

330 2407 458 2471 catione
485 2416 515 2477 de
541 2408 761 2497 disputatione
781 2409 954 2475 abstineret
980 2458 991 2488 ,
1014 2433 1051 2477 ae
1073 2415 1156 2476 iutra

328 2511 452 2559 certum
480 2511 557 2562 tuoe
586 2500 766 2584 expressum
790 2500 965 2562 terminum
989 2500 1092 2563 libros
1117 2501 1159 2563 ab

329 2578 397 2646 sese
421 2583 530 2649 editos
542 2590 775 2659 combureret,
799 2585 987 2669 erroresque
1006 2587 1039 2650 in
1057 2588 1157 2650 diblis

330 2666 427 2732 libris
449 2690 620 2740 contentos
636 2687 801 2740 revocaret
812 2716 823 2747 ,
845 2678 874 2739 a
897 2673 936 2735 de
950 2674 1158 2738 revocatione

325 2752 397 2840 ipsa
418 2781 477 2825 nos
490 2763 646 2834 certiores
660 2764 777 2828 faceret
789 2802 800 2832 ,
823 2759 874 2822 vel
890 2758 955 2845 ipse
968 2765 1009 2824 ad
1022 2783 1080 2825 nos
1099 2760 1158 2826 sub

326 2840 389 2909 fide
414 2848 519 2911 nostra
538 2851 576 2913 de
593 2846 684 2915 salvo
704 2848 863 2912 condetur
879 2850 908 2911 ei
923 2850 1048 2928 anobis
1074 2868 1156 2913 con.

326 2934 410 2995 cesso
433 2934 583 3008 veniret,
606 2938 841 3021 precepimus,
863 2953 962 3019 atque
986 2934 1159 2999 mandavi·

327 3037 404 3079 mus
422 3058 431 3078 .
457 3021 587 3102 Quibus
601 3023 763 3085 mandatis
777 3021 895 3083 nostris
909 3043 980 3083 cum
1004 3043 1114 3106 parere
1127 3025 1156 3087 is

244 3129 247 3133 *
326 3110 588 3191 contempsisset,
617 3127 653 3169 ac
667 3104 788 3170 insalsa
803 3103 857 3168 sua
883 3104 1038 3169 sententia
1053 3112 1161 3191 perti·

326 3208 389 3253 nax
405 3192 485 3264 esse,
509 3213 604 3274 quam
627 3192 746 3256 saniori
774 3191 909 3254 consilio
931 3187 1160 3279 obtemperare

326 3275 522 3353 maluissem
549 3299 608 3341 uos
633 3273 736 3362 ipsum
763 3277 920 3365 patientia
945 3282 1051 3343 nostra
1074 3286 1161 3347 abu.

263 3439 268 3446 Ι
326 3372 474 3437 tentem,
496 3364 671 3447 omnesque
695 3365 747 3430 illi
774 3367 999 3442 adherentes,
1022 3366 1156 3452 ejusque

325 3446 520 3522 fautores&
547 3467 787 3539 receptatores,
813 3469 982 3535 tamquam
1005 3459 1158 3522 notorior

328 3534 357 3600 dt
374 3538 552 3622 pertinaces
567 3541 735 3606 hereticos
752 3542 839 3607 fuisse
854 3540 888 3611 bt
903 3546 975 3617 esic,
989 3567 1042 3630 per
1058 3543 1159 3630 quas·

327 3619 402 3689 dam
419 3624 545 3697 litteras
563 3630 825 3707 declaravimuse
846 3637 876 3703 Se
892 3646 928 3699 ut
942 3632 1109 3782 premissas
1114 3632 1157 3694 ad

1051 3742 1086 3807 rp
1101 3740 1157 3786 rus
