<?xml version="1.0" encoding="UTF-8"?>
<!DOCTYPE html PUBLIC "-//W3C//DTD XHTML 1.0 Transitional//EN"
    "http://www.w3.org/TR/xhtml1/DTD/xhtml1-transitional.dtd">
<html xmlns="http://www.w3.org/1999/xhtml" xml:lang="en" lang="en">
 <head>
  <title>
</title>
<meta http-equiv="Content-Type" content="text/html;charset=utf-8" />
  <meta name='ocr-system' content='tesseract 3.04.00' />
  <meta name='ocr-capabilities' content='ocr_page ocr_carea ocr_par ocr_line ocrx_word'/>
</head>
<body>
  <div class='ocr_page' id='page_1' title='image "./jacobisadoletie00florgoog_0064.png"; bbox 0 0 2542 4350; ppageno 0'>
   <div class='ocr_carea' id='block_1_1' title="bbox 172 511 1067 3605">
    <p class='ocr_par' dir='ltr' id='par_1_1' title="bbox 172 511 1066 3360">
     <span class='ocr_line' id='line_1_1' title="bbox 517 511 1066 604; baseline 0.013 -7"><span class='ocrx_word' id='word_1_1' title='bbox 517 511 605 597; x_wconf 78' lang='lat' dir='ltr'><strong>V&#39;r</strong></span> <span class='ocrx_word' id='word_1_2' title='bbox 637 537 669 595; x_wconf 82' lang='grc' dir='ltr'>τ</span> <span class='ocrx_word' id='word_1_3' title='bbox 699 525 754 596; x_wconf 79' lang='lat' dir='ltr'><strong>r.&#39;</strong></span> <span class='ocrx_word' id='word_1_4' title='bbox 921 512 1066 604; x_wconf 69' lang='lat' dir='ltr'><strong>xxxvii</strong></span> 
     </span>
     <span class='ocr_line' id='line_1_2' title="bbox 208 619 1066 743; baseline 0.005 -28"><span class='ocrx_word' id='word_1_5' title='bbox 208 619 409 743; x_wconf 78' lang='lat' dir='ltr'><strong>appellare</strong></span> <span class='ocrx_word' id='word_1_6' title='bbox 449 624 586 712; x_wconf 89' lang='lat' dir='ltr'><strong>solitus</strong></span> <span class='ocrx_word' id='word_1_7' title='bbox 640 630 760 714; x_wconf 88' lang='lat' dir='ltr'><strong>fuerit</strong></span> <span class='ocrx_word' id='word_1_8' title='bbox 802 632 1066 719; x_wconf 64' lang='lat' dir='ltr'><strong>.&#39;Recreatis</strong></span> 
     </span>
     <span class='ocr_line' id='line_1_3' title="bbox 172 744 1063 863; baseline 0.006 -31"><span class='ocrx_word' id='word_1_9' title='bbox 172 792 176 799; x_wconf 49' lang='lat'><strong>⁴</strong></span> <span class='ocrx_word' id='word_1_10' title='bbox 210 750 290 832; x_wconf 86' lang='lat' dir='ltr'><strong>hac</strong></span> <span class='ocrx_word' id='word_1_11' title='bbox 321 746 404 859; x_wconf 79' lang='lat' dir='ltr'><strong>ejus</strong></span> <span class='ocrx_word' id='word_1_12' title='bbox 433 744 589 831; x_wconf 68' lang='lat' dir='ltr'><strong>actione</strong></span> <span class='ocrx_word' id='word_1_13' title='bbox 621 745 1063 863; x_wconf 75' lang='lat' dir='ltr'><strong>Carpentoradlenfibus</strong></span> 
     </span>
     <span class='ocr_line' id='line_1_4' title="bbox 211 866 1062 982; baseline 0.004 -30"><span class='ocrx_word' id='word_1_14' title='bbox 211 870 254 952; x_wconf 81' lang='grc'><strong>8(</strong></span> <span class='ocrx_word' id='word_1_15' title='bbox 287 866 446 978; x_wconf 82' lang='lat' dir='ltr'><strong>reliquis</strong></span> <span class='ocrx_word' id='word_1_16' title='bbox 472 867 547 952; x_wconf 89' lang='lat' dir='ltr'><strong>illis</strong></span> <span class='ocrx_word' id='word_1_17' title='bbox 577 871 764 982; x_wconf 82' lang='lat' dir='ltr'><strong>populis,</strong></span> <span class='ocrx_word' id='word_1_18' title='bbox 797 869 920 952; x_wconf 88' lang='lat' dir='ltr'><strong>altera</strong></span> <span class='ocrx_word' id='word_1_19' title='bbox 944 873 1062 955; x_wconf 88' lang='lat' dir='ltr'><strong>abeo</strong></span> 
     </span>
     <span class='ocr_line' id='line_1_5' title="bbox 212 981 1066 1099; baseline 0.007 -30"><span class='ocrx_word' id='word_1_20' title='bbox 212 981 320 1076; x_wconf 73' lang='lat' dir='ltr'><strong>adlit)</strong></span> <span class='ocrx_word' id='word_1_21' title='bbox 349 1015 429 1070; x_wconf 89' lang='lat' dir='ltr'><strong>non</strong></span> <span class='ocrx_word' id='word_1_22' title='bbox 464 986 593 1070; x_wconf 89' lang='lat' dir='ltr'><strong>minus</strong></span> <span class='ocrx_word' id='word_1_23' title='bbox 613 989 714 1099; x_wconf 82' lang='lat' dir='ltr'><strong>pia,</strong></span> <span class='ocrx_word' id='word_1_24' title='bbox 725 1016 795 1070; x_wconf 88' lang='lat' dir='ltr'><strong>nec</strong></span> <span class='ocrx_word' id='word_1_25' title='bbox 828 988 959 1073; x_wconf 89' lang='lat' dir='ltr'><strong>minus</strong></span> <span class='ocrx_word' id='word_1_26' title='bbox 990 991 1066 1075; x_wconf 90' lang='lat' dir='ltr'><strong>illis</strong></span> 
     </span>
     <span class='ocr_line' id='line_1_6' title="bbox 211 1103 1064 1221; baseline 0.007 -34"><span class='ocrx_word' id='word_1_27' title='bbox 211 1126 329 1218; x_wconf 88' lang='lat' dir='ltr'><strong>grata</strong></span> <span class='ocrx_word' id='word_1_28' title='bbox 357 1134 403 1189; x_wconf 89' lang='lat' dir='ltr'><strong>ac</strong></span> <span class='ocrx_word' id='word_1_29' title='bbox 434 1103 611 1189; x_wconf 86' lang='lat' dir='ltr'><strong>salutaris</strong></span> <span class='ocrx_word' id='word_1_30' title='bbox 644 1105 821 1221; x_wconf 87' lang='lat' dir='ltr'><strong>suscepta</strong></span> <span class='ocrx_word' id='word_1_31' title='bbox 854 1106 939 1190; x_wconf 86' lang='lat' dir='ltr'><strong>est.</strong></span> <span class='ocrx_word' id='word_1_32' title='bbox 972 1113 1064 1193; x_wconf 89' lang='lat' dir='ltr'><strong>Ma·</strong></span> 
     </span>
     <span class='ocr_line' id='line_1_7' title="bbox 212 1222 1063 1334; baseline 0.004 -26"><span class='ocrx_word' id='word_1_33' title='bbox 212 1223 325 1308; x_wconf 82' lang='lat' dir='ltr'><strong>xima</strong></span> <span class='ocrx_word' id='word_1_34' title='bbox 357 1223 510 1334; x_wconf 85' lang='lat' dir='ltr'><strong>jamdiu</strong></span> <span class='ocrx_word' id='word_1_35' title='bbox 543 1222 812 1312; x_wconf 74' lang='lat' dir='ltr'><strong>Hebraeorum</strong></span> <span class='ocrx_word' id='word_1_36' title='bbox 844 1225 1063 1311; x_wconf 90' lang='lat' dir='ltr'><strong>multitudo</strong></span> 
     </span>
     <span class='ocr_line' id='line_1_8' title="bbox 181 1341 1065 1457; baseline 0.003 -30"><span class='ocrx_word' id='word_1_37' title='bbox 181 1443 187 1449; x_wconf 25' lang='lat'>⁵</span> <span class='ocrx_word' id='word_1_38' title='bbox 211 1341 319 1457; x_wconf 88' lang='lat' dir='ltr'><strong>apud</strong></span> <span class='ocrx_word' id='word_1_39' title='bbox 348 1371 414 1427; x_wconf 90' lang='lat' dir='ltr'><strong>eos</strong></span> <span class='ocrx_word' id='word_1_40' title='bbox 450 1342 717 1429; x_wconf 85' lang='lat' dir='ltr'>consederat:</span> <span class='ocrx_word' id='word_1_41' title='bbox 762 1345 791 1428; x_wconf 91' lang='lat' dir='ltr'><strong>ii</strong></span> <span class='ocrx_word' id='word_1_42' title='bbox 821 1346 1065 1430; x_wconf 81' lang='lat' dir='ltr'><strong>Chrillianos</strong></span> 
     </span>
     <span class='ocr_line' id='line_1_9' title="bbox 214 1461 1065 1578; baseline 0.005 -32"><span class='ocrx_word' id='word_1_43' title='bbox 214 1461 445 1547; x_wconf 87' lang='lat' dir='ltr'><strong>homines</strong></span> <span class='ocrx_word' id='word_1_44' title='bbox 432 1463 643 1578; x_wconf 76' lang='lat' dir='ltr'><strong>imperitos</strong></span> <span class='ocrx_word' id='word_1_45' title='bbox 675 1465 714 1548; x_wconf 73' lang='lat'><strong>8&lt;</strong></span> <span class='ocrx_word' id='word_1_46' title='bbox 758 1463 1024 1549; x_wconf 84' lang='lat' dir='ltr'><strong>incallidos</strong></span> <span class='ocrx_word' id='word_1_47' title='bbox 990 1492 1065 1550; x_wconf 86' lang='lat' dir='ltr'><strong>crr-</strong></span> 
     </span>
     <span class='ocr_line' id='line_1_10' title="bbox 213 1581 1065 1716; baseline 0.001 -50"><span class='ocrx_word' id='word_1_48' title='bbox 213 1581 487 1692; x_wconf 88' lang='lat' dir='ltr'><strong>cumvenire,</strong></span> <span class='ocrx_word' id='word_1_49' title='bbox 521 1583 560 1666; x_wconf 75' lang='grc'><strong>8(</strong></span> <span class='ocrx_word' id='word_1_50' title='bbox 591 1581 735 1690; x_wconf 88' lang='lat' dir='ltr'><strong>quibus</strong></span> <span class='ocrx_word' id='word_1_51' title='bbox 765 1583 951 1716; x_wconf 85' lang='lat' dir='ltr'>pecunias</span> <span class='ocrx_word' id='word_1_52' title='bbox 982 1610 1065 1667; x_wconf 90' lang='lat' dir='ltr'><strong>cte·</strong></span> 
     </span>
     <span class='ocr_line' id='line_1_11' title="bbox 214 1697 1063 1809; baseline 0.005 -27"><span class='ocrx_word' id='word_1_53' title='bbox 214 1697 434 1805; x_wconf 86' lang='lat' dir='ltr'><strong>didilsent,</strong></span> <span class='ocrx_word' id='word_1_54' title='bbox 464 1719 531 1780; x_wconf 83' lang='lat' dir='ltr'><strong>eos</strong></span> <span class='ocrx_word' id='word_1_55' title='bbox 562 1698 727 1780; x_wconf 85' lang='lat' dir='ltr'><strong>foenoris</strong></span> <span class='ocrx_word' id='word_1_56' title='bbox 755 1701 989 1809; x_wconf 82' lang='lat' dir='ltr'><strong>gravitate,</strong></span> <span class='ocrx_word' id='word_1_57' title='bbox 1022 1703 1063 1786; x_wconf 79' lang='grc' dir='ltr'><strong>δε</strong></span> 
     </span>
     <span class='ocr_line' id='line_1_12' title="bbox 216 1759 1063 1930; baseline 0.001 -29"><span class='ocrx_word' id='word_1_58' title='bbox 216 1759 458 1902; x_wconf 83' lang='lat' dir='ltr'><strong>renovandis</strong></span> <span class='ocrx_word' id='word_1_59' title='bbox 488 1813 875 1927; x_wconf 85' lang='lat' dir='ltr'><strong>multiplicandisque</strong></span> <span class='ocrx_word' id='word_1_60' title='bbox 906 1761 1063 1930; x_wconf 69' lang='lat' dir='ltr'><strong>usulis,</strong></span> 
     </span>
     <span class='ocr_line' id='line_1_13' title="bbox 215 1930 1064 2021; baseline -0.001 0"><span class='ocrx_word' id='word_1_61' title='bbox 215 1932 268 2021; x_wconf 90' lang='lat' dir='ltr'><strong>ad</strong></span> <span class='ocrx_word' id='word_1_62' title='bbox 297 1959 530 2020; x_wconf 85' lang='lat' dir='ltr'><strong>extremum</strong></span> <span class='ocrx_word' id='word_1_63' title='bbox 548 1930 721 2017; x_wconf 84' lang='lat' dir='ltr'><strong>fortunis</strong></span> <span class='ocrx_word' id='word_1_64' title='bbox 749 1932 935 2018; x_wconf 88' lang='lat' dir='ltr'><strong>omnibus</strong></span> <span class='ocrx_word' id='word_1_65' title='bbox 952 1961 1064 2021; x_wconf 88' lang='lat' dir='ltr'><strong>ever·</strong></span> 
     </span>
     <span class='ocr_line' id='line_1_14' title="bbox 217 2051 1063 2165; baseline -0.005 -22"><span class='ocrx_word' id='word_1_66' title='bbox 217 2078 303 2144; x_wconf 88' lang='lat' dir='ltr'><strong>tere</strong></span> <span class='ocrx_word' id='word_1_67' title='bbox 333 2051 546 2139; x_wconf 88' lang='lat' dir='ltr'><strong>solebant.</strong></span> <span class='ocrx_word' id='word_1_68' title='bbox 589 2057 745 2139; x_wconf 87' lang='lat' dir='ltr'><strong>Eorum</strong></span> <span class='ocrx_word' id='word_1_69' title='bbox 777 2080 938 2165; x_wconf 88' lang='lat' dir='ltr'><strong>quoque</strong></span> <span class='ocrx_word' id='word_1_70' title='bbox 969 2081 1063 2141; x_wconf 87' lang='lat' dir='ltr'><strong>ava·</strong></span> 
     </span>
     <span class='ocr_line' id='line_1_15' title="bbox 216 2166 1063 2287; baseline -0.005 -26"><span class='ocrx_word' id='word_1_71' title='bbox 216 2175 356 2262; x_wconf 90' lang='lat' dir='ltr'><strong>ritiam</strong></span> <span class='ocrx_word' id='word_1_72' title='bbox 390 2166 666 2278; x_wconf 75' lang='lat' dir='ltr'><strong>defraudes,</strong></span> <span class='ocrx_word' id='word_1_73' title='bbox 698 2168 873 2287; x_wconf 87' lang='lat' dir='ltr'><strong>suscepta</strong></span> <span class='ocrx_word' id='word_1_74' title='bbox 905 2170 1063 2259; x_wconf 86' lang='lat' dir='ltr'><strong>misero·</strong></span> 
     </span>
     <span class='ocr_line' id='line_1_16' title="bbox 218 2290 1066 2410; baseline -0.005 -28"><span class='ocrx_word' id='word_1_75' title='bbox 218 2325 310 2382; x_wconf 87' lang='lat' dir='ltr'><strong>rum</strong></span> <span class='ocrx_word' id='word_1_76' title='bbox 341 2292 579 2410; x_wconf 87' lang='lat' dir='ltr'><strong>populorum</strong></span> <span class='ocrx_word' id='word_1_77' title='bbox 624 2290 739 2377; x_wconf 87' lang='lat' dir='ltr'><strong>causa</strong></span> <span class='ocrx_word' id='word_1_78' title='bbox 772 2319 944 2403; x_wconf 88' lang='lat' dir='ltr'><strong>‚eaque</strong></span> <span class='ocrx_word' id='word_1_79' title='bbox 975 2291 1066 2378; x_wconf 88' lang='lat' dir='ltr'><strong>dili·</strong></span> 
     </span>
     <span class='ocr_line' id='line_1_17' title="bbox 220 2408 1062 2531; baseline -0.004 -31"><span class='ocrx_word' id='word_1_80' title='bbox 220 2437 360 2531; x_wconf 87' lang='lat' dir='ltr'>genter</span> <span class='ocrx_word' id='word_1_81' title='bbox 377 2409 482 2524; x_wconf 84' lang='lat' dir='ltr'><strong>apud</strong></span> <span class='ocrx_word' id='word_1_82' title='bbox 491 2408 729 2499; x_wconf 79' lang='lat' dir='ltr'><strong>Pontificem</strong></span> <span class='ocrx_word' id='word_1_83' title='bbox 743 2417 857 2497; x_wconf 85' lang='lat' dir='ltr'><strong>Max.</strong></span> <span class='ocrx_word' id='word_1_84' title='bbox 875 2416 914 2497; x_wconf 79' lang='lat'><strong>8&lt;</strong></span> <span class='ocrx_word' id='word_1_85' title='bbox 936 2411 1062 2525; x_wconf 87' lang='lat' dir='ltr'><strong>magi·</strong></span> 
     </span>
     <span class='ocr_line' id='line_1_18' title="bbox 221 2530 1064 2644; baseline -0.008 -22"><span class='ocrx_word' id='word_1_86' title='bbox 221 2535 363 2623; x_wconf 85' lang='lat' dir='ltr'><strong>stratus</strong></span> <span class='ocrx_word' id='word_1_87' title='bbox 395 2530 562 2615; x_wconf 87' lang='lat' dir='ltr'><strong>urbanos</strong></span> <span class='ocrx_word' id='word_1_88' title='bbox 592 2555 663 2643; x_wconf 88' lang='lat' dir='ltr'><strong>per</strong></span> <span class='ocrx_word' id='word_1_89' title='bbox 691 2530 821 2614; x_wconf 85' lang='lat' dir='ltr'><strong>literas</strong></span> <span class='ocrx_word' id='word_1_90' title='bbox 851 2532 890 2615; x_wconf 79' lang='grc'><strong>8(</strong></span> <span class='ocrx_word' id='word_1_91' title='bbox 922 2557 1064 2644; x_wconf 90' lang='lat' dir='ltr'><strong>procu·</strong></span> 
     </span>
     <span class='ocr_line' id='line_1_19' title="bbox 220 2646 1065 2763; baseline -0.01 -23"><span class='ocrx_word' id='word_1_92' title='bbox 220 2678 370 2741; x_wconf 87' lang='lat' dir='ltr'><strong>ratores</strong></span> <span class='ocrx_word' id='word_1_93' title='bbox 388 2646 510 2760; x_wconf 65' lang='lat' dir='ltr'><strong>aila,</strong></span> <span class='ocrx_word' id='word_1_94' title='bbox 542 2674 687 2760; x_wconf 87' lang='lat' dir='ltr'><strong>magna</strong></span> <span class='ocrx_word' id='word_1_95' title='bbox 708 2676 759 2731; x_wconf 90' lang='lat' dir='ltr'><strong>ex</strong></span> <span class='ocrx_word' id='word_1_96' title='bbox 786 2670 898 2761; x_wconf 88' lang='lat' dir='ltr'><strong>parte</strong></span> <span class='ocrx_word' id='word_1_97' title='bbox 918 2647 1065 2763; x_wconf 86' lang='lat' dir='ltr'><strong>repres-</strong></span> 
     </span>
     <span class='ocr_line' id='line_1_20' title="bbox 218 2766 1062 2884; baseline -0.008 -22"><span class='ocrx_word' id='word_1_98' title='bbox 218 2775 268 2862; x_wconf 77' lang='lat' dir='ltr'><strong>sit</strong></span> <span class='ocrx_word' id='word_1_99' title='bbox 300 2768 465 2858; x_wconf 86' lang='lat' dir='ltr'><strong>tandem</strong></span> <span class='ocrx_word' id='word_1_100' title='bbox 494 2794 540 2853; x_wconf 93' lang='lat' dir='ltr'><strong>ac</strong></span> <span class='ocrx_word' id='word_1_101' title='bbox 571 2766 777 2853; x_wconf 86' lang='lat' dir='ltr'><strong>coercuit.</strong></span> <span class='ocrx_word' id='word_1_102' title='bbox 806 2767 919 2884; x_wconf 84' lang='lat' dir='ltr'><strong>Qum</strong></span> <span class='ocrx_word' id='word_1_103' title='bbox 933 2790 1062 2855; x_wconf 85' lang='lat' dir='ltr'><strong>ettam</strong></span> 
     </span>
     <span class='ocr_line' id='line_1_21' title="bbox 220 2885 1066 3002; baseline -0.007 -23"><span class='ocrx_word' id='word_1_104' title='bbox 220 2891 446 2979; x_wconf 87' lang='lat' dir='ltr'><strong>orationem</strong></span> <span class='ocrx_word' id='word_1_105' title='bbox 466 2888 509 2973; x_wconf 90' lang='lat' dir='ltr'><strong>in</strong></span> <span class='ocrx_word' id='word_1_106' title='bbox 526 2913 592 2971; x_wconf 89' lang='lat' dir='ltr'><strong>eos</strong></span> <span class='ocrx_word' id='word_1_107' title='bbox 609 2915 682 3002; x_wconf 86' lang='lat' dir='ltr'><strong>pro</strong></span> <span class='ocrx_word' id='word_1_108' title='bbox 699 2885 929 2972; x_wconf 84' lang='lat' dir='ltr'><strong>Christianis</strong></span> <span class='ocrx_word' id='word_1_109' title='bbox 954 2915 1066 2973; x_wconf 87' lang='lat' dir='ltr'><strong>com·</strong></span> 
     </span>
     <span class='ocr_line' id='line_1_22' title="bbox 223 3004 1063 3129; baseline -0.002 -33"><span class='ocrx_word' id='word_1_110' title='bbox 223 3011 397 3129; x_wconf 84' lang='lat' dir='ltr'><strong>posuit,</strong></span> <span class='ocrx_word' id='word_1_111' title='bbox 439 3012 480 3095; x_wconf 84' lang='grc'><strong>8(</strong></span> <span class='ocrx_word' id='word_1_112' title='bbox 511 3033 602 3091; x_wconf 90' lang='lat' dir='ltr'><strong>eam</strong></span> <span class='ocrx_word' id='word_1_113' title='bbox 641 3004 804 3116; x_wconf 88' lang='lat' dir='ltr'><strong>quidem</strong></span> <span class='ocrx_word' id='word_1_114' title='bbox 845 3008 1063 3119; x_wconf 85' lang='lat' dir='ltr'><strong>omnium,</strong></span> 
     </span>
     <span class='ocr_line' id='line_1_23' title="bbox 227 3121 1065 3244; baseline 0 -31"><span class='ocrx_word' id='word_1_115' title='bbox 227 3159 315 3244; x_wconf 80' lang='lat' dir='ltr'><strong>qua</strong></span> <span class='ocrx_word' id='word_1_116' title='bbox 364 3128 491 3215; x_wconf 88' lang='lat' dir='ltr'><strong>abeo</strong></span> <span class='ocrx_word' id='word_1_117' title='bbox 522 3124 673 3239; x_wconf 83' lang='lat' dir='ltr'><strong>lctiptae</strong></span> <span class='ocrx_word' id='word_1_118' title='bbox 705 3124 793 3209; x_wconf 81' lang='lat' dir='ltr'><strong>lunt</strong></span> <span class='ocrx_word' id='word_1_119' title='bbox 812 3121 855 3234; x_wconf 83' lang='lat'><strong>,’‘</strong></span> <span class='ocrx_word' id='word_1_120' title='bbox 873 3126 1065 3213; x_wconf 85' lang='lat' dir='ltr'><strong>disertiffi·</strong></span> 
     </span>
     <span class='ocr_line' id='line_1_24' title="bbox 228 3244 1066 3360; baseline -0.007 -22"><span class='ocrx_word' id='word_1_121' title='bbox 228 3278 343 3339; x_wconf 85' lang='lat' dir='ltr'><strong>mam</strong></span> <span class='ocrx_word' id='word_1_122' title='bbox 385 3307 399 3336; x_wconf 83' lang='grc'><strong>.</strong></span> <span class='ocrx_word' id='word_1_123' title='bbox 441 3244 536 3335; x_wconf 85' lang='lat' dir='ltr'><strong>Alia</strong></span> <span class='ocrx_word' id='word_1_124' title='bbox 564 3267 754 3360; x_wconf 81' lang='lat' dir='ltr'><strong>praterea</strong></span> <span class='ocrx_word' id='word_1_125' title='bbox 783 3247 912 3333; x_wconf 86' lang='lat' dir='ltr'><strong>multa</strong></span> <span class='ocrx_word' id='word_1_126' title='bbox 944 3248 1066 3333; x_wconf 81' lang='lat' dir='ltr'><strong>variis</strong></span> 
     </span>
    </p>

    <p class='ocr_par' dir='ltr' id='par_1_2' title="bbox 274 3376 1067 3605">
     <span class='ocr_line' id='line_1_25' title="bbox 841 3376 1067 3490; baseline 0.009 -39"><span class='ocrx_word' id='word_1_127' title='bbox 841 3477 847 3490; x_wconf 26' lang='grc' dir='ltr'>ι</span> <span class='ocrx_word' id='word_1_128' title='bbox 962 3376 1067 3453; x_wconf 82' lang='lat' dir='ltr'><strong>tent·</strong></span> 
     </span>
     <span class='ocr_line' id='line_1_26' title="bbox 274 3528 1063 3605; baseline -0.003 -20"><span class='ocrx_word' id='word_1_129' title='bbox 274 3530 291 3562; x_wconf 69' lang='lat'><em>⁶</em></span> <span class='ocrx_word' id='word_1_130' title='bbox 332 3532 552 3603; x_wconf 72' lang='lat' dir='ltr'><strong>Dismlffim·</strong></span> <span class='ocrx_word' id='word_1_131' title='bbox 568 3541 580 3605; x_wconf 95' lang='grc'>]</span> <span class='ocrx_word' id='word_1_132' title='bbox 603 3528 748 3582; x_wconf 75' lang='lat' dir='ltr'><strong>Scribendoe</strong></span> <span class='ocrx_word' id='word_1_133' title='bbox 766 3528 845 3590; x_wconf 70' lang='lat' dir='ltr'><strong>liuius</strong></span> <span class='ocrx_word' id='word_1_134' title='bbox 857 3542 947 3584; x_wconf 81' lang='lat' dir='ltr'><strong>contra</strong></span> <span class='ocrx_word' id='word_1_135' title='bbox 961 3531 976 3591; x_wconf 90' lang='lat' dir='ltr'>J</span> <span class='ocrx_word' id='word_1_136' title='bbox 979 3534 1063 3583; x_wconf 73' lang='lat' dir='ltr'><strong>udaeoc</strong></span> 
     </span>
    </p>
   </div>
   <div class='ocr_carea' id='block_1_2' title="bbox 226 3609 1063 3762">
    <p class='ocr_par' dir='ltr' id='par_1_3' title="bbox 226 3609 1063 3762">
     <span class='ocr_line' id='line_1_27' title="bbox 226 3609 1062 3679; baseline -0.007 -15"><span class='ocrx_word' id='word_1_137' title='bbox 226 3610 361 3665; x_wconf 74' lang='lat' dir='ltr'><strong>orationis</strong></span> <span class='ocrx_word' id='word_1_138' title='bbox 375 3612 389 3670; x_wconf 97' lang='lat'><strong>(</strong></span> <span class='ocrx_word' id='word_1_139' title='bbox 405 3627 459 3679; x_wconf 63' lang='lat' dir='ltr'><strong>qun·</strong></span> <span class='ocrx_word' id='word_1_140' title='bbox 475 3624 563 3660; x_wconf 76' lang='lat' dir='ltr'><strong>remen</strong></span> <span class='ocrx_word' id='word_1_141' title='bbox 584 3623 721 3678; x_wconf 78' lang='lat' dir='ltr'><strong>numquam</strong></span> <span class='ocrx_word' id='word_1_142' title='bbox 737 3609 806 3662; x_wconf 77' lang='lat' dir='ltr'><strong>edita</strong></span> <span class='ocrx_word' id='word_1_143' title='bbox 817 3610 852 3660; x_wconf 79' lang='lat' dir='ltr'><strong>est</strong></span> <span class='ocrx_word' id='word_1_144' title='bbox 865 3618 881 3678; x_wconf 85' lang='lat'>)</span> <span class='ocrx_word' id='word_1_145' title='bbox 893 3609 993 3661; x_wconf 79' lang='lat' dir='ltr'><strong>causum</strong></span> <span class='ocrx_word' id='word_1_146' title='bbox 1014 3609 1062 3659; x_wconf 81' lang='lat' dir='ltr'><strong>ha·</strong></span> 
     </span>
     <span class='ocr_line' id='line_1_28' title="bbox 228 3685 1063 3762; baseline -0.022 -12"><span class='ocrx_word' id='word_1_147' title='bbox 228 3690 274 3750; x_wconf 73' lang='lat' dir='ltr'><strong>le·</strong></span> <span class='ocrx_word' id='word_1_148' title='bbox 288 3689 317 3743; x_wconf 82' lang='lat' dir='ltr'><strong>iu</strong></span> <span class='ocrx_word' id='word_1_149' title='bbox 327 3688 441 3762; x_wconf 66' lang='lat' dir='ltr'><strong>Epillola</strong></span> <span class='ocrx_word' id='word_1_150' title='bbox 453 3704 501 3756; x_wconf 71' lang='grc' dir='ltr'><strong>η.</strong></span> <span class='ocrx_word' id='word_1_151' title='bbox 511 3685 562 3745; x_wconf 76' lang='lat' dir='ltr'><strong>rit.</strong></span> <span class='ocrx_word' id='word_1_152' title='bbox 580 3701 658 3748; x_wconf 75' lang='lat' dir='ltr'><strong>ztir.</strong></span> <span class='ocrx_word' id='word_1_153' title='bbox 670 3688 703 3741; x_wconf 76' lang='lat' dir='ltr'><strong>ud</strong></span> <span class='ocrx_word' id='word_1_154' title='bbox 722 3688 831 3743; x_wconf 73' lang='lat' dir='ltr'><strong>Paulum</strong></span> <span class='ocrx_word' id='word_1_155' title='bbox 847 3688 908 3746; x_wconf 86' lang='lat'>111.</span> <span class='ocrx_word' id='word_1_156' title='bbox 920 3688 980 3741; x_wconf 73' lang='lat' dir='ltr'><strong>dcte</strong></span> <span class='ocrx_word' id='word_1_157' title='bbox 994 3689 1063 3735; x_wconf 80' lang='lat' dir='ltr'><strong>ear·</strong></span> 
     </span>
    </p>
   </div>
   <div class='ocr_carea' id='block_1_3' title="bbox 995 3777 1063 3837">
    <p class='ocr_par' dir='ltr' id='par_1_4' title="bbox 995 3777 1063 3837">
     <span class='ocr_line' id='line_1_29' title="bbox 995 3777 1063 3837; baseline -0.103 0"><span class='ocrx_word' id='word_1_158' title='bbox 995 3777 1063 3837; x_wconf 64' lang='lat'><strong>1³³⁸!</strong></span> 
     </span>
    </p>
   </div>
   <div class='ocr_carea' id='block_1_4' title="bbox 0 0 1288 4350">
    <p class='ocr_par' dir='ltr' id='par_1_5' title="bbox 0 0 1288 4350">
     <span class='ocr_line' id='line_1_30' title="bbox 0 0 1288 4350; baseline 0 0"><span class='ocrx_word' id='word_1_159' title='bbox 0 0 1288 4350; x_wconf 95' lang='lat' dir='ltr'><strong> </strong></span> 
     </span>
    </p>
   </div>
  </div>
 </body>
</html>
