<?xml version="1.0" encoding="UTF-8"?>
<!DOCTYPE html PUBLIC "-//W3C//DTD XHTML 1.0 Transitional//EN"
    "http://www.w3.org/TR/xhtml1/DTD/xhtml1-transitional.dtd">
<html xmlns="http://www.w3.org/1999/xhtml" xml:lang="en" lang="en">
 <head>
  <title>
</title>
<meta http-equiv="Content-Type" content="text/html;charset=utf-8" />
  <meta name='ocr-system' content='tesseract 3.04.00' />
  <meta name='ocr-capabilities' content='ocr_page ocr_carea ocr_par ocr_line ocrx_word'/>
</head>
<body>
  <div class='ocr_page' id='page_1' title='image "./jacobisadoletie00florgoog_0092.png"; bbox 0 0 2542 4350; ppageno 0'>
   <div class='ocr_carea' id='block_1_1' title="bbox 193 444 1064 913">
    <p class='ocr_par' dir='ltr' id='par_1_1' title="bbox 193 444 1064 845">
     <span class='ocr_line' id='line_1_1' title="bbox 441 444 1062 554; baseline -0.026 3"><span class='ocrx_word' id='word_1_1' title='bbox 441 503 446 507; x_wconf 90' lang='lat'>·</span> <span class='ocrx_word' id='word_1_2' title='bbox 534 468 578 553; x_wconf 88' lang='lat' dir='ltr'>V</span> <span class='ocrx_word' id='word_1_3' title='bbox 606 490 623 550; x_wconf 90' lang='lat'>1</span> <span class='ocrx_word' id='word_1_4' title='bbox 655 491 686 550; x_wconf 84' lang='lat' dir='ltr'><strong>r·</strong></span> <span class='ocrx_word' id='word_1_5' title='bbox 715 489 774 550; x_wconf 74' lang='grc' dir='ltr'><strong>Α.</strong></span> <span class='ocrx_word' id='word_1_6' title='bbox 979 444 1062 554; x_wconf 66' lang='lat' dir='ltr'><strong>exp</strong></span> 
     </span>
     <span class='ocr_line' id='line_1_2' title="bbox 193 579 1062 700; baseline -0.009 -23"><span class='ocrx_word' id='word_1_7' title='bbox 193 587 275 689; x_wconf 68' lang='lat' dir='ltr'><strong>ilia,</strong></span> <span class='ocrx_word' id='word_1_8' title='bbox 307 583 510 698; x_wconf 84' lang='lat' dir='ltr'><strong>majorum</strong></span> <span class='ocrx_word' id='word_1_9' title='bbox 555 582 642 670; x_wconf 87' lang='lat' dir='ltr'><strong>nost</strong></span> <span class='ocrx_word' id='word_1_10' title='bbox 651 611 787 669; x_wconf 89' lang='lat' dir='ltr'><strong>rorum</strong></span> <span class='ocrx_word' id='word_1_11' title='bbox 827 579 1062 700; x_wconf 83' lang='lat' dir='ltr'><strong>disciplina,</strong></span> 
     </span>
     <span class='ocr_line' id='line_1_3' title="bbox 193 702 1064 845; baseline -0.01 -47"><span class='ocrx_word' id='word_1_12' title='bbox 193 708 311 797; x_wconf 82' lang='lat' dir='ltr'><strong>nihil</strong></span> <span class='ocrx_word' id='word_1_13' title='bbox 342 705 419 792; x_wconf 89' lang='lat' dir='ltr'><strong>lide</strong></span> <span class='ocrx_word' id='word_1_14' title='bbox 449 702 519 789; x_wconf 84' lang='lat' dir='ltr'><strong>sua</strong></span> <span class='ocrx_word' id='word_1_15' title='bbox 546 707 586 790; x_wconf 89' lang='lat'>&amp;</span> <span class='ocrx_word' id='word_1_16' title='bbox 626 703 759 790; x_wconf 85' lang='lat' dir='ltr'><strong>officio</strong></span> <span class='ocrx_word' id='word_1_17' title='bbox 781 703 966 791; x_wconf 86' lang='lat' dir='ltr'><strong>futurum</strong></span> <span class='ocrx_word' id='word_1_18' title='bbox 995 734 1064 845; x_wconf 80' lang='lat' dir='ltr'><strong>an·</strong></span> 
     </span>
    </p>

    <p class='ocr_par' dir='ltr' id='par_1_2' title="bbox 1005 847 1060 913">
     <span class='ocr_line' id='line_1_4' title="bbox 1005 847 1060 913; baseline 0.036 -3"><span class='ocrx_word' id='word_1_19' title='bbox 1005 847 1060 913; x_wconf 84' lang='lat' dir='ltr'><strong>tr·</strong></span> 
     </span>
    </p>
   </div>
   <div class='ocr_carea' id='block_1_2' title="bbox 193 994 1111 1230">
    <p class='ocr_par' dir='ltr' id='par_1_3' title="bbox 193 994 1111 1230">
     <span class='ocr_line' id='line_1_5' title="bbox 193 994 1058 1074; baseline -0.002 -17"><span class='ocrx_word' id='word_1_20' title='bbox 193 1032 230 1074; x_wconf 69' lang='lat'><strong>3,</strong></span> <span class='ocrx_word' id='word_1_21' title='bbox 251 999 339 1057; x_wconf 74' lang='lat' dir='ltr'><strong>aione</strong></span> <span class='ocrx_word' id='word_1_22' title='bbox 370 1001 522 1054; x_wconf 78' lang='lat' dir='ltr'><strong>animorum</strong></span> <span class='ocrx_word' id='word_1_23' title='bbox 555 997 681 1051; x_wconf 83' lang='lat' dir='ltr'><strong>omniurn</strong></span> <span class='ocrx_word' id='word_1_24' title='bbox 714 994 768 1060; x_wconf 77' lang='lat' dir='ltr'><strong>iaus</strong></span> <span class='ocrx_word' id='word_1_25' title='bbox 787 1017 803 1050; x_wconf 86' lang='lat' dir='ltr'><strong>a</strong></span> <span class='ocrx_word' id='word_1_26' title='bbox 834 1003 912 1055; x_wconf 86' lang='lat' dir='ltr'><strong>uobis</strong></span> <span class='ocrx_word' id='word_1_27' title='bbox 938 1002 1058 1070; x_wconf 74' lang='lat' dir='ltr'><strong>gentium</strong></span> 
     </span>
     <span class='ocr_line' id='line_1_6' title="bbox 201 1076 1055 1151; baseline -0.015 -16"><span class='ocrx_word' id='word_1_28' title='bbox 201 1113 232 1151; x_wconf 85' lang='lat'>„</span> <span class='ocrx_word' id='word_1_29' title='bbox 253 1082 363 1150; x_wconf 78' lang='lat' dir='ltr'><strong>(plane</strong></span> <span class='ocrx_word' id='word_1_30' title='bbox 382 1081 454 1132; x_wconf 87' lang='lat' dir='ltr'><strong>enirn</strong></span> <span class='ocrx_word' id='word_1_31' title='bbox 473 1079 533 1131; x_wconf 84' lang='lat' dir='ltr'><strong>dico</strong></span> <span class='ocrx_word' id='word_1_32' title='bbox 554 1076 676 1129; x_wconf 84' lang='lat' dir='ltr'><strong>omniurn</strong></span> <span class='ocrx_word' id='word_1_33' title='bbox 702 1110 713 1142; x_wconf 89' lang='lat'>‚</span> <span class='ocrx_word' id='word_1_34' title='bbox 732 1076 800 1148; x_wconf 88' lang='lat' dir='ltr'><strong>quod</strong></span> <span class='ocrx_word' id='word_1_35' title='bbox 820 1095 868 1146; x_wconf 80' lang='lat' dir='ltr'><strong>ego</strong></span> <span class='ocrx_word' id='word_1_36' title='bbox 886 1082 925 1134; x_wconf 85' lang='lat' dir='ltr'><strong>ita</strong></span> <span class='ocrx_word' id='word_1_37' title='bbox 943 1081 991 1133; x_wconf 84' lang='lat' dir='ltr'><strong>eise</strong></span> <span class='ocrx_word' id='word_1_38' title='bbox 1010 1081 1055 1134; x_wconf 85' lang='lat' dir='ltr'><strong>in.</strong></span> 
     </span>
     <span class='ocr_line' id='line_1_7' title="bbox 205 1153 1111 1230; baseline -0.014 -16"><span class='ocrx_word' id='word_1_39' title='bbox 205 1191 233 1229; x_wconf 83' lang='lat'>„</span> <span class='ocrx_word' id='word_1_40' title='bbox 254 1160 375 1228; x_wconf 81' lang='lat' dir='ltr'><strong>telligo‚·</strong></span> <span class='ocrx_word' id='word_1_41' title='bbox 396 1174 442 1209; x_wconf 86' lang='lat' dir='ltr'><strong>vos</strong></span> <span class='ocrx_word' id='word_1_42' title='bbox 462 1158 529 1209; x_wconf 85' lang='lat' dir='ltr'><strong>haud</strong></span> <span class='ocrx_word' id='word_1_43' title='bbox 547 1156 586 1209; x_wconf 84' lang='lat' dir='ltr'><strong>ita</strong></span> <span class='ocrx_word' id='word_1_44' title='bbox 607 1153 734 1219; x_wconf 80' lang='lat' dir='ltr'><strong>sentitis,</strong></span> <span class='ocrx_word' id='word_1_45' title='bbox 747 1169 891 1225; x_wconf 84' lang='lat' dir='ltr'><strong>propterea</strong></span> <span class='ocrx_word' id='word_1_46' title='bbox 911 1159 979 1230; x_wconf 85' lang='lat' dir='ltr'><strong>qnod</strong></span> <span class='ocrx_word' id='word_1_47' title='bbox 1002 1175 1054 1211; x_wconf 80' lang='lat' dir='ltr'><strong>eu.</strong></span> <span class='ocrx_word' id='word_1_48' title='bbox 1109 1199 1111 1202; x_wconf 88' lang='grc'><strong>,</strong></span> 
     </span>
    </p>
   </div>
   <div class='ocr_carea' id='block_1_3' title="bbox 208 1231 1056 2316">
    <p class='ocr_par' dir='ltr' id='par_1_4' title="bbox 208 1231 1056 2316">
     <span class='ocr_line' id='line_1_8' title="bbox 208 1231 1056 1308; baseline -0.004 -19"><span class='ocrx_word' id='word_1_49' title='bbox 208 1269 236 1307; x_wconf 86' lang='lat'><strong>‚‚</strong></span> <span class='ocrx_word' id='word_1_50' title='bbox 258 1237 330 1291; x_wconf 80' lang='lat' dir='ltr'><strong>ribus</strong></span> <span class='ocrx_word' id='word_1_51' title='bbox 352 1235 442 1289; x_wconf 75' lang='lat' dir='ltr'><strong>vestris</strong></span> <span class='ocrx_word' id='word_1_52' title='bbox 463 1236 544 1302; x_wconf 77' lang='lat' dir='ltr'><strong>uulgo</strong></span> <span class='ocrx_word' id='word_1_53' title='bbox 566 1232 687 1284; x_wconf 88' lang='lat' dir='ltr'><strong>horuiuea</strong></span> <span class='ocrx_word' id='word_1_54' title='bbox 706 1231 874 1290; x_wconf 85' lang='lat' dir='ltr'><strong>bisudiuntur</strong></span> <span class='ocrx_word' id='word_1_55' title='bbox 891 1243 909 1308; x_wconf 88' lang='lat'>)</span> <span class='ocrx_word' id='word_1_56' title='bbox 929 1237 957 1289; x_wconf 85' lang='lat' dir='ltr'><strong>in</strong></span> <span class='ocrx_word' id='word_1_57' title='bbox 979 1250 1056 1294; x_wconf 79' lang='lat' dir='ltr'><strong>tsnta</strong></span> 
     </span>
     <span class='ocr_line' id='line_1_9' title="bbox 208 1308 1055 1385; baseline -0.002 -16"><span class='ocrx_word' id='word_1_58' title='bbox 208 1346 235 1385; x_wconf 56' lang='grc' dir='ltr'><em>η</em></span> <span class='ocrx_word' id='word_1_59' title='bbox 257 1334 315 1381; x_wconf 90' lang='lat' dir='ltr'><strong>ne,</strong></span> <span class='ocrx_word' id='word_1_60' title='bbox 335 1315 456 1385; x_wconf 83' lang='lat' dir='ltr'><strong>inquam,</strong></span> <span class='ocrx_word' id='word_1_61' title='bbox 474 1310 618 1364; x_wconf 68' lang='lat' dir='ltr'><strong>desefiione</strong></span> <span class='ocrx_word' id='word_1_62' title='bbox 628 1310 749 1362; x_wconf 83' lang='lat' dir='ltr'><strong>omniurn</strong></span> <span class='ocrx_word' id='word_1_63' title='bbox 769 1342 781 1376; x_wconf 89' lang='lat'>,</span> <span class='ocrx_word' id='word_1_64' title='bbox 801 1308 825 1361; x_wconf 77' lang='lat' dir='ltr'><strong>dr</strong></span> <span class='ocrx_word' id='word_1_65' title='bbox 848 1331 929 1382; x_wconf 90' lang='lat' dir='ltr'><strong>prope</strong></span> <span class='ocrx_word' id='word_1_66' title='bbox 949 1331 1055 1367; x_wconf 80' lang='lat' dir='ltr'><strong>eaeera·</strong></span> 
     </span>
     <span class='ocr_line' id='line_1_10' title="bbox 210 1388 1052 1464; baseline -0.002 -18"><span class='ocrx_word' id='word_1_67' title='bbox 210 1423 236 1464; x_wconf 66' lang='lat'><strong>2,</strong></span> <span class='ocrx_word' id='word_1_68' title='bbox 257 1394 331 1446; x_wconf 82' lang='lat' dir='ltr'><strong>tione</strong></span> <span class='ocrx_word' id='word_1_69' title='bbox 354 1389 519 1444; x_wconf 74' lang='lat' dir='ltr'><strong>auiloritatis</strong></span> <span class='ocrx_word' id='word_1_70' title='bbox 541 1388 720 1442; x_wconf 75' lang='lat' dir='ltr'><strong>Ecclelialiica</strong></span> <span class='ocrx_word' id='word_1_71' title='bbox 741 1421 753 1454; x_wconf 85' lang='lat'>‚</span> <span class='ocrx_word' id='word_1_72' title='bbox 782 1404 878 1458; x_wconf 78' lang='lat' dir='ltr'><strong>niagno</strong></span> <span class='ocrx_word' id='word_1_73' title='bbox 900 1392 1052 1459; x_wconf 67' lang='lat' dir='ltr'><strong>reipublice</strong></span> 
     </span>
     <span class='ocr_line' id='line_1_11' title="bbox 214 1466 1051 1540; baseline 0 -17"><span class='ocrx_word' id='word_1_74' title='bbox 214 1499 242 1539; x_wconf 68' lang='lat'><strong>2,</strong></span> <span class='ocrx_word' id='word_1_75' title='bbox 263 1471 378 1540; x_wconf 74' lang='lat' dir='ltr'><strong>prelidio</strong></span> <span class='ocrx_word' id='word_1_76' title='bbox 399 1471 515 1522; x_wconf 82' lang='lat' dir='ltr'><strong>futurum</strong></span> <span class='ocrx_word' id='word_1_77' title='bbox 531 1468 651 1536; x_wconf 78' lang='lat' dir='ltr'><strong>putetis,</strong></span> <span class='ocrx_word' id='word_1_78' title='bbox 671 1466 734 1517; x_wconf 83' lang='lat' dir='ltr'><strong>sisic</strong></span> <span class='ocrx_word' id='word_1_79' title='bbox 753 1466 899 1535; x_wconf 84' lang='lat' dir='ltr'><strong>elueritis,</strong></span> <span class='ocrx_word' id='word_1_80' title='bbox 920 1469 952 1520; x_wconf 86' lang='lat' dir='ltr'><strong>lic</strong></span> <span class='ocrx_word' id='word_1_81' title='bbox 973 1483 1051 1523; x_wconf 85' lang='lat' dir='ltr'><strong>eatu-</strong></span> 
     </span>
     <span class='ocr_line' id='line_1_12' title="bbox 213 1541 1051 1617; baseline -0.005 -15"><span class='ocrx_word' id='word_1_82' title='bbox 213 1579 239 1617; x_wconf 71' lang='lat'><strong>2,</strong></span> <span class='ocrx_word' id='word_1_83' title='bbox 259 1550 345 1602; x_wconf 88' lang='lat' dir='ltr'><strong>leritie</strong></span> <span class='ocrx_word' id='word_1_84' title='bbox 368 1548 469 1611; x_wconf 75' lang='lat' dir='ltr'><strong>Judaoa</strong></span> <span class='ocrx_word' id='word_1_85' title='bbox 490 1547 501 1599; x_wconf 69' lang='grc' dir='ltr'><strong><em>ἒ</em></strong></span> <span class='ocrx_word' id='word_1_86' title='bbox 522 1548 622 1598; x_wconf 75' lang='lat' dir='ltr'><strong>Fideles</strong></span> <span class='ocrx_word' id='word_1_87' title='bbox 641 1558 727 1596; x_wconf 83' lang='lat' dir='ltr'><strong>antem</strong></span> <span class='ocrx_word' id='word_1_88' title='bbox 748 1541 773 1594; x_wconf 73' lang='lat' dir='ltr'><strong>dt</strong></span> <span class='ocrx_word' id='word_1_89' title='bbox 796 1560 919 1615; x_wconf 75' lang='lat' dir='ltr'>pauperes</span> <span class='ocrx_word' id='word_1_90' title='bbox 938 1550 1051 1614; x_wconf 85' lang='lat' dir='ltr'><strong>populos</strong></span> 
     </span>
     <span class='ocr_line' id='line_1_13' title="bbox 212 1618 1050 1693; baseline -0.005 -14"><span class='ocrx_word' id='word_1_91' title='bbox 212 1655 238 1693; x_wconf 73' lang='lat'><strong>2,</strong></span> <span class='ocrx_word' id='word_1_92' title='bbox 258 1627 355 1679; x_wconf 77' lang='lat' dir='ltr'><strong>uestros</strong></span> <span class='ocrx_word' id='word_1_93' title='bbox 366 1626 398 1677; x_wconf 84' lang='lat' dir='ltr'><strong>lie</strong></span> <span class='ocrx_word' id='word_1_94' title='bbox 408 1625 515 1676; x_wconf 86' lang='lat' dir='ltr'><strong>lacerari</strong></span> <span class='ocrx_word' id='word_1_95' title='bbox 529 1623 561 1674; x_wconf 82' lang='lat' dir='ltr'><strong>sb</strong></span> <span class='ocrx_word' id='word_1_96' title='bbox 573 1618 665 1674; x_wconf 77' lang='lat' dir='ltr'><strong>iliis&amp;</strong></span> <span class='ocrx_word' id='word_1_97' title='bbox 682 1621 765 1688; x_wconf 80' lang='lat' dir='ltr'><strong>deripi</strong></span> <span class='ocrx_word' id='word_1_98' title='bbox 780 1623 970 1690; x_wconf 75' lang='lat' dir='ltr'><strong>neglexeritis?</strong></span> <span class='ocrx_word' id='word_1_99' title='bbox 985 1628 1050 1676; x_wconf 78' lang='lat' dir='ltr'><strong>l’or·</strong></span> 
     </span>
     <span class='ocr_line' id='line_1_14' title="bbox 212 1698 1052 1772; baseline -0.01 -14"><span class='ocrx_word' id='word_1_100' title='bbox 212 1733 238 1772; x_wconf 83' lang='lat'>„</span> <span class='ocrx_word' id='word_1_101' title='bbox 258 1705 329 1758; x_wconf 86' lang='lat' dir='ltr'><strong>roin</strong></span> <span class='ocrx_word' id='word_1_102' title='bbox 348 1703 400 1755; x_wconf 80' lang='lat' dir='ltr'><strong>hee</strong></span> <span class='ocrx_word' id='word_1_103' title='bbox 423 1701 481 1752; x_wconf 83' lang='lat' dir='ltr'><strong>lota</strong></span> <span class='ocrx_word' id='word_1_104' title='bbox 503 1731 515 1764; x_wconf 87' lang='lat'>,</span> <span class='ocrx_word' id='word_1_105' title='bbox 533 1701 602 1769; x_wconf 88' lang='lat' dir='ltr'><strong>quod</strong></span> <span class='ocrx_word' id='word_1_106' title='bbox 624 1709 655 1750; x_wconf 87' lang='lat' dir='ltr'><strong>tu</strong></span> <span class='ocrx_word' id='word_1_107' title='bbox 675 1698 801 1748; x_wconf 82' lang='lat' dir='ltr'><strong>traufienu</strong></span> <span class='ocrx_word' id='word_1_108' title='bbox 823 1700 893 1751; x_wconf 82' lang='lat' dir='ltr'><strong>nolse</strong></span> <span class='ocrx_word' id='word_1_109' title='bbox 922 1699 1052 1768; x_wconf 82' lang='lat' dir='ltr'><strong>potuisti,</strong></span> 
     </span>
     <span class='ocr_line' id='line_1_15' title="bbox 213 1775 1050 1849; baseline -0.006 -17"><span class='ocrx_word' id='word_1_110' title='bbox 213 1811 239 1848; x_wconf 83' lang='lat'>„</span> <span class='ocrx_word' id='word_1_111' title='bbox 260 1780 402 1849; x_wconf 75' lang='lat' dir='ltr'><strong>provincia</strong></span> <span class='ocrx_word' id='word_1_112' title='bbox 423 1775 545 1829; x_wconf 79' lang='lat' dir='ltr'><strong>meximoe</strong></span> <span class='ocrx_word' id='word_1_113' title='bbox 561 1786 753 1838; x_wconf 78' lang='lat' dir='ltr'><strong>concurrunt,</strong></span> <span class='ocrx_word' id='word_1_114' title='bbox 776 1775 880 1840; x_wconf 85' lang='lat' dir='ltr'><strong>ltalia,</strong></span> <span class='ocrx_word' id='word_1_115' title='bbox 900 1777 1050 1842; x_wconf 79' lang='lat' dir='ltr'><strong>Hispania,</strong></span> 
     </span>
     <span class='ocr_line' id='line_1_16' title="bbox 211 1848 1052 1925; baseline -0.006 -16"><span class='ocrx_word' id='word_1_116' title='bbox 211 1887 238 1925; x_wconf 86' lang='lat'>„</span> <span class='ocrx_word' id='word_1_117' title='bbox 259 1857 372 1924; x_wconf 85' lang='lat' dir='ltr'><strong>Gallia,</strong></span> <span class='ocrx_word' id='word_1_118' title='bbox 392 1869 472 1924; x_wconf 85' lang='lat' dir='ltr'><strong>atque</strong></span> <span class='ocrx_word' id='word_1_119' title='bbox 484 1854 580 1921; x_wconf 61' lang='lat' dir='ltr'><strong>anglia</strong></span> <span class='ocrx_word' id='word_1_120' title='bbox 592 1868 632 1917; x_wconf 88' lang='lat' dir='ltr'><strong>,e</strong></span> <span class='ocrx_word' id='word_1_121' title='bbox 648 1848 743 1919; x_wconf 83' lang='lat' dir='ltr'><strong>quibua</strong></span> <span class='ocrx_word' id='word_1_122' title='bbox 757 1850 801 1918; x_wconf 87' lang='lat' dir='ltr'><strong>qui</strong></span> <span class='ocrx_word' id='word_1_123' title='bbox 815 1852 861 1905; x_wconf 83' lang='lat' dir='ltr'><strong>last</strong></span> <span class='ocrx_word' id='word_1_124' title='bbox 878 1853 930 1904; x_wconf 89' lang='lat' dir='ltr'><strong>iter</strong></span> <span class='ocrx_word' id='word_1_125' title='bbox 948 1853 1052 1909; x_wconf 72' lang='lat' dir='ltr'><strong>{sciunt</strong></span> 
     </span>
     <span class='ocr_line' id='line_1_17' title="bbox 212 1924 1052 2003; baseline -0.004 -16"><span class='ocrx_word' id='word_1_126' title='bbox 212 1965 241 2003; x_wconf 71' lang='lat'><strong>2,</strong></span> <span class='ocrx_word' id='word_1_127' title='bbox 260 1934 409 2000; x_wconf 80' lang='lat' dir='ltr'><strong>homiues,</strong></span> <span class='ocrx_word' id='word_1_128' title='bbox 429 1932 545 1984; x_wconf 85' lang='lat' dir='ltr'><strong>conscios</strong></span> <span class='ocrx_word' id='word_1_129' title='bbox 568 1947 614 1983; x_wconf 85' lang='lat' dir='ltr'><strong>eoa</strong></span> <span class='ocrx_word' id='word_1_130' title='bbox 636 1928 685 1980; x_wconf 82' lang='lat' dir='ltr'><strong>effe</strong></span> <span class='ocrx_word' id='word_1_131' title='bbox 703 1924 851 1988; x_wconf 82' lang='lat' dir='ltr'><strong>huiusmodi</strong></span> <span class='ocrx_word' id='word_1_132' title='bbox 864 1931 1052 2000; x_wconf 71' lang='lat' dir='ltr'><strong>querelarum,</strong></span> 
     </span>
     <span class='ocr_line' id='line_1_18' title="bbox 209 2007 1048 2083; baseline -0.007 -16"><span class='ocrx_word' id='word_1_133' title='bbox 209 2014 349 2083; x_wconf 84' lang='lat' dir='ltr'><strong>„easque</strong></span> <span class='ocrx_word' id='word_1_134' title='bbox 369 2011 476 2063; x_wconf 88' lang='lat' dir='ltr'><strong>dornonr</strong></span> <span class='ocrx_word' id='word_1_135' title='bbox 496 2011 529 2062; x_wconf 87' lang='lat' dir='ltr'><strong>ad</strong></span> <span class='ocrx_word' id='word_1_136' title='bbox 547 2010 606 2062; x_wconf 84' lang='lat' dir='ltr'><strong>suos</strong></span> <span class='ocrx_word' id='word_1_137' title='bbox 627 2007 724 2059; x_wconf 85' lang='lat' dir='ltr'><strong>referre</strong></span> <span class='ocrx_word' id='word_1_138' title='bbox 746 2037 758 2071; x_wconf 82' lang='lat'>,</span> <span class='ocrx_word' id='word_1_139' title='bbox 778 2009 837 2060; x_wconf 79' lang='lat' dir='ltr'><strong>fane</strong></span> <span class='ocrx_word' id='word_1_140' title='bbox 854 2009 1048 2062; x_wconf 75' lang='lat' dir='ltr'><strong>existimationi</strong></span> 
     </span>
     <span class='ocr_line' id='line_1_19' title="bbox 211 2087 1053 2161; baseline -0.005 -17"><span class='ocrx_word' id='word_1_141' title='bbox 211 2121 239 2159; x_wconf 73' lang='lat'><strong>2,</strong></span> <span class='ocrx_word' id='word_1_142' title='bbox 260 2092 373 2155; x_wconf 79' lang='lat' dir='ltr'><strong>vestre,</strong></span> <span class='ocrx_word' id='word_1_143' title='bbox 393 2087 419 2140; x_wconf 73' lang='lat' dir='ltr'><strong>a:</strong></span> <span class='ocrx_word' id='word_1_144' title='bbox 444 2088 577 2141; x_wconf 83' lang='lat' dir='ltr'><strong>communi</strong></span> <span class='ocrx_word' id='word_1_145' title='bbox 600 2087 677 2138; x_wconf 87' lang='lat' dir='ltr'><strong>saluti</strong></span> <span class='ocrx_word' id='word_1_146' title='bbox 701 2101 755 2137; x_wconf 87' lang='lat' dir='ltr'><strong>uon</strong></span> <span class='ocrx_word' id='word_1_147' title='bbox 778 2088 885 2155; x_wconf 87' lang='lat' dir='ltr'><strong>expedit</strong></span> <span class='ocrx_word' id='word_1_148' title='bbox 898 2121 909 2140; x_wconf 84' lang='lat'><strong>.</strong></span> <span class='ocrx_word' id='word_1_149' title='bbox 930 2088 978 2139; x_wconf 87' lang='lat' dir='ltr'><strong>Sed</strong></span> <span class='ocrx_word' id='word_1_150' title='bbox 1001 2103 1053 2161; x_wconf 77' lang='lat' dir='ltr'><strong>ego</strong></span> 
     </span>
     <span class='ocr_line' id='line_1_20' title="bbox 212 2162 1052 2236; baseline -0.004 -15"><span class='ocrx_word' id='word_1_151' title='bbox 212 2180 239 2235; x_wconf 65' lang='lat'><strong>,5</strong></span> <span class='ocrx_word' id='word_1_152' title='bbox 259 2168 312 2221; x_wconf 80' lang='lat' dir='ltr'><strong>hac</strong></span> <span class='ocrx_word' id='word_1_153' title='bbox 325 2169 355 2219; x_wconf 87' lang='lat' dir='ltr'><strong>ad</strong></span> <span class='ocrx_word' id='word_1_154' title='bbox 367 2180 393 2220; x_wconf 90' lang='lat' dir='ltr'><strong>te</strong></span> <span class='ocrx_word' id='word_1_155' title='bbox 412 2184 473 2220; x_wconf 84' lang='lat' dir='ltr'><strong>vere</strong></span> <span class='ocrx_word' id='word_1_156' title='bbox 486 2167 591 2236; x_wconf 82' lang='lat' dir='ltr'><strong>quidem</strong></span> <span class='ocrx_word' id='word_1_157' title='bbox 610 2162 635 2216; x_wconf 73' lang='lat' dir='ltr'><strong>dt</strong></span> <span class='ocrx_word' id='word_1_158' title='bbox 649 2165 729 2217; x_wconf 87' lang='lat' dir='ltr'><strong>libere</strong></span> <span class='ocrx_word' id='word_1_159' title='bbox 743 2196 753 2229; x_wconf 91' lang='lat'>‚</span> <span class='ocrx_word' id='word_1_160' title='bbox 773 2166 880 2219; x_wconf 77' lang='lat' dir='ltr'><strong>forsitan</strong></span> <span class='ocrx_word' id='word_1_161' title='bbox 902 2178 988 2219; x_wconf 84' lang='lat' dir='ltr'><strong>autem</strong></span> <span class='ocrx_word' id='word_1_162' title='bbox 1002 2167 1052 2218; x_wconf 92' lang='lat' dir='ltr'><strong>do·</strong></span> 
     </span>
     <span class='ocr_line' id='line_1_21' title="bbox 213 2242 1052 2316; baseline -0.007 -19"><span class='ocrx_word' id='word_1_163' title='bbox 213 2276 240 2313; x_wconf 84' lang='lat'><strong>‚,</strong></span> <span class='ocrx_word' id='word_1_164' title='bbox 261 2247 357 2299; x_wconf 84' lang='lat' dir='ltr'><strong>lentius</strong></span> <span class='ocrx_word' id='word_1_165' title='bbox 369 2264 448 2316; x_wconf 85' lang='lat' dir='ltr'><strong>quam</strong></span> <span class='ocrx_word' id='word_1_166' title='bbox 463 2246 556 2298; x_wconf 84' lang='lat' dir='ltr'><strong>neceise</strong></span> <span class='ocrx_word' id='word_1_167' title='bbox 575 2256 631 2298; x_wconf 88' lang='lat' dir='ltr'><strong>erat</strong></span> <span class='ocrx_word' id='word_1_168' title='bbox 646 2242 731 2311; x_wconf 76' lang='lat' dir='ltr'><strong>scripsi</strong></span> <span class='ocrx_word' id='word_1_169' title='bbox 743 2278 752 2295; x_wconf 88' lang='lat'><strong>.</strong></span> <span class='ocrx_word' id='word_1_170' title='bbox 766 2246 800 2296; x_wconf 87' lang='lat' dir='ltr'><strong>lu</strong></span> <span class='ocrx_word' id='word_1_171' title='bbox 813 2261 865 2313; x_wconf 88' lang='lat' dir='ltr'><strong>quo</strong></span> <span class='ocrx_word' id='word_1_172' title='bbox 883 2245 985 2312; x_wconf 74' lang='lat' dir='ltr'><strong>ignosce</strong></span> <span class='ocrx_word' id='word_1_173' title='bbox 998 2244 1052 2297; x_wconf 84' lang='lat' dir='ltr'><strong>sni.</strong></span> 
     </span>
    </p>
   </div>
   <div class='ocr_carea' id='block_1_4' title="bbox 213 2321 1145 2392">
    <p class='ocr_par' dir='ltr' id='par_1_5' title="bbox 213 2321 1145 2392">
     <span class='ocr_line' id='line_1_22' title="bbox 213 2321 1145 2392; baseline 0.002 -16"><span class='ocrx_word' id='word_1_174' title='bbox 213 2352 240 2389; x_wconf 79' lang='lat'><strong>,‚</strong></span> <span class='ocrx_word' id='word_1_175' title='bbox 260 2325 310 2391; x_wconf 86' lang='lat' dir='ltr'><strong>hi,</strong></span> <span class='ocrx_word' id='word_1_176' title='bbox 331 2324 432 2392; x_wconf 83' lang='lat' dir='ltr'><strong>optime</strong></span> <span class='ocrx_word' id='word_1_177' title='bbox 445 2325 567 2377; x_wconf 81' lang='lat' dir='ltr'><strong>Ferueli.</strong></span> <span class='ocrx_word' id='word_1_178' title='bbox 588 2325 677 2375; x_wconf 80' lang='lat' dir='ltr'><strong>Psstor</strong></span> <span class='ocrx_word' id='word_1_179' title='bbox 694 2322 752 2373; x_wconf 85' lang='lat' dir='ltr'><strong>soor</strong></span> <span class='ocrx_word' id='word_1_180' title='bbox 765 2321 922 2389; x_wconf 85' lang='lat' dir='ltr'><strong>populorum</strong></span> <span class='ocrx_word' id='word_1_181' title='bbox 935 2322 1051 2388; x_wconf 81' lang='lat' dir='ltr'><strong>horum,</strong></span> <span class='ocrx_word' id='word_1_182' title='bbox 1142 2369 1145 2378; x_wconf 84' lang='grc'><em>,</em></span> 
     </span>
    </p>
   </div>
   <div class='ocr_carea' id='block_1_5' title="bbox 214 2399 1067 3774">
    <p class='ocr_par' dir='ltr' id='par_1_6' title="bbox 214 2399 1064 3699">
     <span class='ocr_line' id='line_1_23' title="bbox 214 2399 1054 2467; baseline 0.005 -16"><span class='ocrx_word' id='word_1_183' title='bbox 214 2429 241 2467; x_wconf 64' lang='lat'><strong>2,</strong></span> <span class='ocrx_word' id='word_1_184' title='bbox 262 2416 317 2452; x_wconf 84' lang='lat' dir='ltr'><strong>nora</strong></span> <span class='ocrx_word' id='word_1_185' title='bbox 341 2402 515 2452; x_wconf 78' lang='lat' dir='ltr'><strong>mercenarius</strong></span> <span class='ocrx_word' id='word_1_186' title='bbox 534 2436 542 2448; x_wconf 89' lang='lat'><strong>.</strong></span> <span class='ocrx_word' id='word_1_187' title='bbox 564 2403 702 2465; x_wconf 81' lang='lat' dir='ltr'><strong>Movent,</strong></span> <span class='ocrx_word' id='word_1_188' title='bbox 722 2399 739 2448; x_wconf 87' lang='lat' dir='ltr'><strong>sr</strong></span> <span class='ocrx_word' id='word_1_189' title='bbox 761 2399 1003 2463; x_wconf 72' lang='lat' dir='ltr'><strong>quisquamaiiu12</strong></span> <span class='ocrx_word' id='word_1_190' title='bbox 1023 2401 1054 2447; x_wconf 63' lang='lat'><strong>³¹¹</strong></span> 
     </span>
     <span class='ocr_line' id='line_1_24' title="bbox 216 2468 1057 2545; baseline -0.005 -18"><span class='ocrx_word' id='word_1_191' title='bbox 216 2506 243 2544; x_wconf 89' lang='lat'>„</span> <span class='ocrx_word' id='word_1_192' title='bbox 264 2476 397 2545; x_wconf 82' lang='lat' dir='ltr'><strong>improbos</strong></span> <span class='ocrx_word' id='word_1_193' title='bbox 418 2475 584 2537; x_wconf 83' lang='lat' dir='ltr'><strong>stomacho,</strong></span> <span class='ocrx_word' id='word_1_194' title='bbox 612 2490 674 2539; x_wconf 81' lang='lat' dir='ltr'><strong>erga</strong></span> <span class='ocrx_word' id='word_1_195' title='bbox 698 2488 822 2541; x_wconf 72' lang='lat' dir='ltr'><strong>pauperes</strong></span> <span class='ocrx_word' id='word_1_196' title='bbox 846 2468 1024 2521; x_wconf 84' lang='lat' dir='ltr'><strong>misericordia</strong></span> <span class='ocrx_word' id='word_1_197' title='bbox 1045 2502 1057 2523; x_wconf 81' lang='grc'><strong>.</strong></span> 
     </span>
     <span class='ocr_line' id='line_1_25' title="bbox 216 2547 1054 2624; baseline -0.017 -16"><span class='ocrx_word' id='word_1_198' title='bbox 216 2583 243 2621; x_wconf 78' lang='grc'><strong>,,</strong></span> <span class='ocrx_word' id='word_1_199' title='bbox 264 2559 368 2624; x_wconf 73' lang='lat' dir='ltr'><strong>fungor</strong></span> <span class='ocrx_word' id='word_1_200' title='bbox 381 2551 470 2605; x_wconf 80' lang='lat' dir='ltr'><strong>offitio</strong></span> <span class='ocrx_word' id='word_1_201' title='bbox 485 2568 570 2616; x_wconf 85' lang='lat' dir='ltr'><strong>aneo,</strong></span> <span class='ocrx_word' id='word_1_202' title='bbox 588 2549 720 2617; x_wconf 77' lang='lat' dir='ltr'><strong>&amp;fungar</strong></span> <span class='ocrx_word' id='word_1_203' title='bbox 735 2568 745 2616; x_wconf 68' lang='grc' dir='ltr'><strong><em>ς</em></strong></span> <span class='ocrx_word' id='word_1_204' title='bbox 765 2550 888 2617; x_wconf 87' lang='lat' dir='ltr'><strong>lipoteto</strong></span> <span class='ocrx_word' id='word_1_205' title='bbox 905 2561 980 2612; x_wconf 87' lang='lat' dir='ltr'><strong>opem</strong></span> <span class='ocrx_word' id='word_1_206' title='bbox 999 2547 1054 2595; x_wconf 83' lang='lat' dir='ltr'><strong>ser.</strong></span> 
     </span>
     <span class='ocr_line' id='line_1_26' title="bbox 218 2616 1058 2700; baseline -0.013 -15"><span class='ocrx_word' id='word_1_207' title='bbox 218 2662 245 2700; x_wconf 73' lang='lat'><strong>2,</strong></span> <span class='ocrx_word' id='word_1_208' title='bbox 265 2650 292 2685; x_wconf 84' lang='lat' dir='ltr'><strong>te</strong></span> <span class='ocrx_word' id='word_1_209' title='bbox 305 2633 329 2682; x_wconf 80' lang='lat' dir='ltr'><strong>dt</strong></span> <span class='ocrx_word' id='word_1_210' title='bbox 343 2632 475 2684; x_wconf 82' lang='lat' dir='ltr'><strong>consulere</strong></span> <span class='ocrx_word' id='word_1_211' title='bbox 498 2628 587 2693; x_wconf 84' lang='lat' dir='ltr'><strong>meis,</strong></span> <span class='ocrx_word' id='word_1_212' title='bbox 607 2628 706 2680; x_wconf 87' lang='lat' dir='ltr'><strong>habebo</strong></span> <span class='ocrx_word' id='word_1_213' title='bbox 729 2630 787 2677; x_wconf 88' lang='lat' dir='ltr'><strong>Deo</strong></span> <span class='ocrx_word' id='word_1_214' title='bbox 807 2622 1010 2691; x_wconf 78' lang='lat' dir='ltr'><strong>omnipotenti,</strong></span> <span class='ocrx_word' id='word_1_215' title='bbox 1029 2616 1058 2669; x_wconf 62' lang='grc' dir='ltr'><strong>ἃ</strong></span> 
     </span>
     <span class='ocr_line' id='line_1_27' title="bbox 217 2698 1058 2781; baseline 0.012 -45"><span class='ocrx_word' id='word_1_216' title='bbox 217 2739 244 2778; x_wconf 51' lang='grc' dir='ltr'><strong><em>ω</em></strong></span> <span class='ocrx_word' id='word_1_217' title='bbox 264 2712 391 2779; x_wconf 61' lang='lat' dir='ltr'><strong>optimo,</strong></span> <span class='ocrx_word' id='word_1_218' title='bbox 411 2702 714 2780; x_wconf 34' lang='lat' dir='ltr'><strong>mximoqqelpmpissui</strong></span> <span class='ocrx_word' id='word_1_219' title='bbox 729 2705 865 2780; x_wconf 54' lang='lat' dir='ltr'><strong>brutis-pa</strong></span> <span class='ocrx_word' id='word_1_220' title='bbox 887 2698 1027 2781; x_wconf 51' lang='lat' dir='ltr'><strong>dio&#39;minul</strong></span> <span class='ocrx_word' id='word_1_221' title='bbox 1044 2726 1058 2763; x_wconf 64' lang='lat'><em>2</em></span> 
     </span>
     <span class='ocr_line' id='line_1_28' title="bbox 219 2772 1056 2855; baseline 0.006 -37"><span class='ocrx_word' id='word_1_222' title='bbox 219 2817 245 2855; x_wconf 49' lang='grc' dir='ltr'><strong><em>ἣ</em></strong></span> <span class='ocrx_word' id='word_1_223' title='bbox 264 2802 350 2841; x_wconf 60' lang='lat' dir='ltr'><strong>tom„</strong></span> <span class='ocrx_word' id='word_1_224' title='bbox 370 2786 418 2826; x_wconf 62' lang='lat' dir='ltr'><strong>p...</strong></span> <span class='ocrx_word' id='word_1_225' title='bbox 431 2777 497 2818; x_wconf 59' lang='lat' dir='ltr'><strong>nuiss</strong></span> <span class='ocrx_word' id='word_1_226' title='bbox 516 2783 634 2826; x_wconf 78' lang='lat' dir='ltr'><strong>teneram</strong></span> <span class='ocrx_word' id='word_1_227' title='bbox 649 2784 677 2818; x_wconf 88' lang='lat' dir='ltr'><strong>rn</strong></span> <span class='ocrx_word' id='word_1_228' title='bbox 703 2783 771 2835; x_wconf 82' lang='lat' dir='ltr'><strong>uos,</strong></span> <span class='ocrx_word' id='word_1_229' title='bbox 792 2786 837 2837; x_wconf 84' lang='lat' dir='ltr'><strong>qni</strong></span> <span class='ocrx_word' id='word_1_230' title='bbox 851 2772 984 2837; x_wconf 74' lang='lat' dir='ltr'><strong>Principes</strong></span> <span class='ocrx_word' id='word_1_231' title='bbox 1005 2788 1056 2839; x_wconf 64' lang='lat' dir='ltr'><strong>paq</strong></span> 
     </span>
     <span class='ocr_line' id='line_1_29' title="bbox 216 2842 1059 2912; baseline 0.008 -18"><span class='ocrx_word' id='word_1_232' title='bbox 216 2884 243 2909; x_wconf 80' lang='lat'><em>„</em></span> <span class='ocrx_word' id='word_1_233' title='bbox 263 2859 360 2894; x_wconf 68' lang='lat' dir='ltr'><strong>norom</strong></span> <span class='ocrx_word' id='word_1_234' title='bbox 373 2843 455 2910; x_wconf 80' lang='lat' dir='ltr'><strong>estis,</strong></span> <span class='ocrx_word' id='word_1_235' title='bbox 474 2860 521 2897; x_wconf 80' lang='lat' dir='ltr'><strong>uos</strong></span> <span class='ocrx_word' id='word_1_236' title='bbox 542 2842 566 2893; x_wconf 72' lang='lat' dir='ltr'><strong>n</strong></span> <span class='ocrx_word' id='word_1_237' title='bbox 582 2862 666 2898; x_wconf 85' lang='lat' dir='ltr'><strong>meam</strong></span> <span class='ocrx_word' id='word_1_238' title='bbox 680 2845 789 2912; x_wconf 80' lang='lat' dir='ltr'><strong>uicem,</strong></span> <span class='ocrx_word' id='word_1_239' title='bbox 811 2843 834 2895; x_wconf 73' lang='grc' dir='ltr'>ἃ</span> <span class='ocrx_word' id='word_1_240' title='bbox 850 2846 958 2900; x_wconf 85' lang='lat' dir='ltr'><strong>ueilrsru</strong></span> <span class='ocrx_word' id='word_1_241' title='bbox 971 2848 1059 2901; x_wconf 86' lang='lat' dir='ltr'><strong>eideua</strong></span> 
     </span>
     <span class='ocr_line' id='line_1_30' title="bbox 217 2922 1056 2993; baseline 0.01 -22"><span class='ocrx_word' id='word_1_242' title='bbox 217 2949 243 2986; x_wconf 85' lang='lat'>„</span> <span class='ocrx_word' id='word_1_243' title='bbox 264 2922 366 2972; x_wconf 81' lang='lat' dir='ltr'><strong>summo</strong></span> <span class='ocrx_word' id='word_1_244' title='bbox 384 2924 440 2971; x_wconf 88' lang='lat' dir='ltr'><strong>Deo</strong></span> <span class='ocrx_word' id='word_1_245' title='bbox 453 2923 582 2974; x_wconf 84' lang='lat' dir='ltr'><strong>rationem</strong></span> <span class='ocrx_word' id='word_1_246' title='bbox 598 2922 711 2975; x_wconf 79' lang='lat' dir='ltr'><strong>reddetis</strong></span> <span class='ocrx_word' id='word_1_247' title='bbox 728 2955 739 2989; x_wconf 88' lang='lat'>,</span> <span class='ocrx_word' id='word_1_248' title='bbox 758 2924 860 2993; x_wconf 83' lang='lat' dir='ltr'><strong>quando</strong></span> <span class='ocrx_word' id='word_1_249' title='bbox 872 2927 980 2992; x_wconf 76' lang='lat' dir='ltr'><strong>vestra,</strong></span> <span class='ocrx_word' id='word_1_250' title='bbox 999 2943 1056 2979; x_wconf 88' lang='lat' dir='ltr'><strong>nou</strong></span> 
     </span>
     <span class='ocr_line' id='line_1_31' title="bbox 217 2999 1056 3069; baseline 0.01 -20"><span class='ocrx_word' id='word_1_251' title='bbox 217 3028 242 3063; x_wconf 84' lang='lat'>„</span> <span class='ocrx_word' id='word_1_252' title='bbox 264 3014 321 3049; x_wconf 85' lang='lat' dir='ltr'><strong>mea</strong></span> <span class='ocrx_word' id='word_1_253' title='bbox 340 2999 459 3051; x_wconf 86' lang='lat' dir='ltr'><strong>omniurn</strong></span> <span class='ocrx_word' id='word_1_254' title='bbox 480 3017 566 3052; x_wconf 85' lang='lat' dir='ltr'><strong>rerum</strong></span> <span class='ocrx_word' id='word_1_255' title='bbox 579 3000 613 3052; x_wconf 82' lang='lat' dir='ltr'><strong>eli</strong></span> <span class='ocrx_word' id='word_1_256' title='bbox 626 3003 739 3069; x_wconf 82' lang='lat' dir='ltr'><strong>potestas</strong></span> <span class='ocrx_word' id='word_1_257' title='bbox 759 3034 802 3069; x_wconf 79' lang='lat'><strong>‚‚.</strong></span> <span class='ocrx_word' id='word_1_258' title='bbox 824 3002 863 3053; x_wconf 81' lang='lat' dir='ltr'><strong>nd</strong></span> <span class='ocrx_word' id='word_1_259' title='bbox 886 3003 1056 3057; x_wconf 72' lang='lat' dir='ltr'><strong>cardinalem</strong></span> 
     </span>
     <span class='ocr_line' id='line_1_32' title="bbox 217 3076 1059 3150; baseline 0.007 -21"><span class='ocrx_word' id='word_1_260' title='bbox 217 3091 285 3129; x_wconf 80' lang='lat' dir='ltr'><strong>vero</strong></span> <span class='ocrx_word' id='word_1_261' title='bbox 306 3076 443 3128; x_wconf 81' lang='lat' dir='ltr'><strong>conuersus</strong></span> <span class='ocrx_word' id='word_1_262' title='bbox 463 3077 494 3129; x_wconf 82' lang='lat' dir='ltr'><strong>sie</strong></span> <span class='ocrx_word' id='word_1_263' title='bbox 520 3079 557 3130; x_wconf 88' lang='lat' dir='ltr'><strong>sit</strong></span> <span class='ocrx_word' id='word_1_264' title='bbox 580 3094 592 3130; x_wconf 77' lang='lat' dir='ltr'><strong>r</strong></span> <span class='ocrx_word' id='word_1_265' title='bbox 614 3110 637 3145; x_wconf 88' lang='lat'><strong>,‚</strong></span> <span class='ocrx_word' id='word_1_266' title='bbox 657 3082 746 3131; x_wconf 83' lang='lat' dir='ltr'><strong>Unum</strong></span> <span class='ocrx_word' id='word_1_267' title='bbox 770 3081 839 3149; x_wconf 87' lang='lat' dir='ltr'><strong>quod</strong></span> <span class='ocrx_word' id='word_1_268' title='bbox 866 3081 898 3132; x_wconf 88' lang='lat' dir='ltr'><strong>ad</strong></span> <span class='ocrx_word' id='word_1_269' title='bbox 926 3081 1059 3150; x_wconf 78' lang='lat' dir='ltr'><strong>teipsum</strong></span> 
     </span>
     <span class='ocr_line' id='line_1_33' title="bbox 217 3154 1059 3225; baseline 0.01 -23"><span class='ocrx_word' id='word_1_270' title='bbox 217 3184 242 3222; x_wconf 80' lang='lat'><strong>‚,</strong></span> <span class='ocrx_word' id='word_1_271' title='bbox 263 3154 369 3222; x_wconf 86' lang='lat' dir='ltr'><strong>proprie</strong></span> <span class='ocrx_word' id='word_1_272' title='bbox 392 3154 507 3221; x_wconf 88' lang='lat' dir='ltr'><strong>pertinet</strong></span> <span class='ocrx_word' id='word_1_273' title='bbox 528 3155 599 3217; x_wconf 88' lang='lat' dir='ltr'><strong>(dat</strong></span> <span class='ocrx_word' id='word_1_274' title='bbox 618 3156 690 3208; x_wconf 84' lang='lat' dir='ltr'><strong>enim</strong></span> <span class='ocrx_word' id='word_1_275' title='bbox 721 3157 787 3209; x_wconf 85' lang='lat' dir='ltr'><strong>mihi</strong></span> <span class='ocrx_word' id='word_1_276' title='bbox 809 3170 871 3210; x_wconf 75' lang='lat' dir='ltr'><strong>etas</strong></span> <span class='ocrx_word' id='word_1_277' title='bbox 891 3175 983 3225; x_wconf 75' lang='lat' dir='ltr'><strong>mea,</strong></span> <span class='ocrx_word' id='word_1_278' title='bbox 1003 3173 1059 3211; x_wconf 85' lang='lat' dir='ltr'><strong>uota</strong></span> 
     </span>
     <span class='ocr_line' id='line_1_34' title="bbox 216 3226 1059 3303; baseline 0.006 -21"><span class='ocrx_word' id='word_1_279' title='bbox 216 3264 242 3299; x_wconf 83' lang='lat'><strong>,‚</strong></span> <span class='ocrx_word' id='word_1_280' title='bbox 262 3226 402 3283; x_wconf 77' lang='lat' dir='ltr'><strong>suliori&#39;las</strong></span> <span class='ocrx_word' id='word_1_281' title='bbox 424 3233 549 3302; x_wconf 83' lang='lat' dir='ltr'><strong>quidem,</strong></span> <span class='ocrx_word' id='word_1_282' title='bbox 571 3250 652 3303; x_wconf 85' lang='lat' dir='ltr'><strong>neque</strong></span> <span class='ocrx_word' id='word_1_283' title='bbox 679 3235 818 3301; x_wconf 84' lang='lat' dir='ltr'><strong>prudentie</strong></span> <span class='ocrx_word' id='word_1_284' title='bbox 839 3268 851 3301; x_wconf 88' lang='lat'>,</span> <span class='ocrx_word' id='word_1_285' title='bbox 879 3236 947 3303; x_wconf 84' lang='lat' dir='ltr'><strong>apud</strong></span> <span class='ocrx_word' id='word_1_286' title='bbox 969 3249 995 3289; x_wconf 89' lang='lat' dir='ltr'><strong>te</strong></span> <span class='ocrx_word' id='word_1_287' title='bbox 1017 3237 1059 3287; x_wconf 86' lang='lat' dir='ltr'><strong>lo·</strong></span> 
     </span>
     <span class='ocr_line' id='line_1_35' title="bbox 217 3301 1062 3382; baseline 0.008 -22"><span class='ocrx_word' id='word_1_288' title='bbox 217 3341 242 3377; x_wconf 86' lang='lat'><strong>‚,</strong></span> <span class='ocrx_word' id='word_1_289' title='bbox 262 3309 355 3380; x_wconf 88' lang='lat' dir='ltr'><strong>quendi</strong></span> <span class='ocrx_word' id='word_1_290' title='bbox 382 3311 487 3362; x_wconf 76' lang='lat' dir='ltr'><strong>ueniam</strong></span> <span class='ocrx_word' id='word_1_291' title='bbox 502 3319 518 3380; x_wconf 92' lang='lat'>)</span> <span class='ocrx_word' id='word_1_292' title='bbox 533 3329 614 3363; x_wconf 87' lang='lat' dir='ltr'><strong>unum</strong></span> <span class='ocrx_word' id='word_1_293' title='bbox 629 3313 736 3382; x_wconf 85' lang='lat' dir='ltr'><strong>inquam</strong></span> <span class='ocrx_word' id='word_1_294' title='bbox 756 3326 783 3366; x_wconf 89' lang='lat' dir='ltr'><strong>te</strong></span> <span class='ocrx_word' id='word_1_295' title='bbox 804 3301 968 3365; x_wconf 73' lang='lat' dir='ltr'><strong>admonebo.</strong></span> <span class='ocrx_word' id='word_1_296' title='bbox 990 3318 1062 3367; x_wconf 80' lang='lat' dir='ltr'><strong>Cum</strong></span> 
     </span>
     <span class='ocr_line' id='line_1_36' title="bbox 218 3386 1062 3457; baseline 0.002 -17"><span class='ocrx_word' id='word_1_297' title='bbox 218 3420 242 3454; x_wconf 90' lang='lat'>„</span> <span class='ocrx_word' id='word_1_298' title='bbox 263 3400 293 3440; x_wconf 91' lang='lat' dir='ltr'><strong>tu</strong></span> <span class='ocrx_word' id='word_1_299' title='bbox 312 3386 366 3437; x_wconf 86' lang='lat' dir='ltr'><strong>illis</strong></span> <span class='ocrx_word' id='word_1_300' title='bbox 385 3388 473 3439; x_wconf 69' lang='lat' dir='ltr'><strong>initiis</strong></span> <span class='ocrx_word' id='word_1_301' title='bbox 492 3388 667 3456; x_wconf 85' lang='lat' dir='ltr'><strong>nobilitatis,</strong></span> <span class='ocrx_word' id='word_1_302' title='bbox 687 3392 798 3444; x_wconf 74' lang='lat' dir='ltr'><strong>fortuna</strong></span> <span class='ocrx_word' id='word_1_303' title='bbox 824 3424 836 3457; x_wconf 89' lang='lat'>,</span> <span class='ocrx_word' id='word_1_304' title='bbox 855 3391 994 3455; x_wconf 78' lang='lat' dir='ltr'><strong>honoria,</strong></span> <span class='ocrx_word' id='word_1_305' title='bbox 1016 3391 1062 3442; x_wconf 87' lang='lat' dir='ltr'><strong>in·</strong></span> 
     </span>
     <span class='ocr_line' id='line_1_37' title="bbox 216 3464 1057 3532; baseline 0.006 -19"><span class='ocrx_word' id='word_1_306' title='bbox 216 3497 240 3531; x_wconf 90' lang='lat'>„</span> <span class='ocrx_word' id='word_1_307' title='bbox 253 3464 323 3532; x_wconf 73' lang='lat' dir='ltr'><strong>genii</strong></span> <span class='ocrx_word' id='word_1_308' title='bbox 338 3495 349 3527; x_wconf 88' lang='lat'>‚</span> <span class='ocrx_word' id='word_1_309' title='bbox 368 3465 399 3515; x_wconf 87' lang='lat' dir='ltr'><strong>ad</strong></span> <span class='ocrx_word' id='word_1_310' title='bbox 421 3466 547 3517; x_wconf 76' lang='lat' dir='ltr'><strong>summurn</strong></span> <span class='ocrx_word' id='word_1_311' title='bbox 562 3468 681 3519; x_wconf 82' lang='lat' dir='ltr'><strong>omniurn</strong></span> <span class='ocrx_word' id='word_1_312' title='bbox 697 3467 834 3520; x_wconf 85' lang='lat' dir='ltr'><strong>hominurn</strong></span> <span class='ocrx_word' id='word_1_313' title='bbox 846 3468 1057 3520; x_wconf 83' lang='lat' dir='ltr'><strong>commendatio·</strong></span> 
     </span>
     <span class='ocr_line' id='line_1_38' title="bbox 219 3540 1063 3614; baseline 0.005 -23"><span class='ocrx_word' id='word_1_314' title='bbox 219 3575 244 3609; x_wconf 87' lang='lat'>„</span> <span class='ocrx_word' id='word_1_315' title='bbox 265 3557 348 3605; x_wconf 84' lang='lat' dir='ltr'><strong>nens,</strong></span> <span class='ocrx_word' id='word_1_316' title='bbox 369 3540 392 3590; x_wconf 77' lang='lat' dir='ltr'><strong>n</strong></span> <span class='ocrx_word' id='word_1_317' title='bbox 411 3543 482 3610; x_wconf 84' lang='lat' dir='ltr'><strong>spem</strong></span> <span class='ocrx_word' id='word_1_318' title='bbox 499 3541 705 3611; x_wconf 72' lang='lat' dir='ltr'><strong>prestantiffrusoe</strong></span> <span class='ocrx_word' id='word_1_319' title='bbox 718 3546 828 3597; x_wconf 83' lang='lat' dir='ltr'><strong>uirtutis</strong></span> <span class='ocrx_word' id='word_1_320' title='bbox 855 3545 991 3614; x_wconf 72' lang='lat' dir='ltr'><strong>prodoiius</strong></span> <span class='ocrx_word' id='word_1_321' title='bbox 1007 3545 1063 3610; x_wconf 79' lang='lat' dir='ltr'><strong>fis,</strong></span> 
     </span>
     <span class='ocr_line' id='line_1_39' title="bbox 217 3617 1064 3699; baseline 0 -28"><span class='ocrx_word' id='word_1_322' title='bbox 217 3651 243 3690; x_wconf 57' lang='grc' dir='ltr'><strong>ῃ</strong></span> <span class='ocrx_word' id='word_1_323' title='bbox 264 3619 282 3671; x_wconf 84' lang='lat' dir='ltr'><strong>si</strong></span> <span class='ocrx_word' id='word_1_324' title='bbox 304 3620 370 3675; x_wconf 86' lang='lat' dir='ltr'><strong>talea</strong></span> <span class='ocrx_word' id='word_1_325' title='bbox 391 3622 480 3674; x_wconf 79' lang='lat' dir='ltr'><strong>causae</strong></span> <span class='ocrx_word' id='word_1_326' title='bbox 504 3653 517 3690; x_wconf 87' lang='lat'>,</span> <span class='ocrx_word' id='word_1_327' title='bbox 536 3618 561 3673; x_wconf 72' lang='lat' dir='ltr'><strong>dt</strong></span> <span class='ocrx_word' id='word_1_328' title='bbox 580 3617 729 3684; x_wconf 79' lang='lat' dir='ltr'><strong>huiusmodi</strong></span> <span class='ocrx_word' id='word_1_329' title='bbox 744 3622 892 3699; x_wconf 74' lang='lat' dir='ltr'><strong>patrocinia</strong></span> <span class='ocrx_word' id='word_1_330' title='bbox 904 3621 1064 3689; x_wconf 74' lang='lat' dir='ltr'><strong>susceperit,</strong></span> 
     </span>
    </p>

    <p class='ocr_par' dir='ltr' id='par_1_7' title="bbox 928 3698 1067 3774">
     <span class='ocr_line' id='line_1_40' title="bbox 928 3698 1067 3774; baseline -0.007 -24"><span class='ocrx_word' id='word_1_331' title='bbox 928 3707 961 3774; x_wconf 51' lang='lat' dir='ltr'><strong>b,</strong></span> <span class='ocrx_word' id='word_1_332' title='bbox 979 3698 1067 3750; x_wconf 81' lang='lat' dir='ltr'><strong>osten·</strong></span> 
     </span>
    </p>
   </div>
   <div class='ocr_carea' id='block_1_6' title="bbox 0 0 1293 4350">
    <p class='ocr_par' dir='ltr' id='par_1_8' title="bbox 0 0 1293 4350">
     <span class='ocr_line' id='line_1_41' title="bbox 0 0 1293 4350; baseline 0 0"><span class='ocrx_word' id='word_1_333' title='bbox 0 0 1293 4350; x_wconf 95' lang='lat' dir='ltr'><strong> </strong></span> 
     </span>
    </p>
   </div>
  </div>
 </body>
</html>
