2542 4350
207 471 250 552 ³⁶
376 465 569 536 Attromt
591 458 869 530 FLOREBELLI

208 548 405 620 adversariis
431 574 496 620 non
512 553 634 632 injuria
651 550 770 619 obiicit
789 589 799 612 .
825 552 865 616 In
880 549 951 632 itero
964 544 1058 613 visus

211 663 249 708 et
274 642 355 705 mihi
370 643 519 728 egregius
533 639 684 706 imitator
698 627 975 710 Jacobitaooteei
991 633 1058 698 viri

212 725 435 815 sapientissimi
449 749 486 794 ae
503 726 732 801 modestissimi,
744 724 803 809 qui
814 722 987 789 scribendo
1002 723 1059 788 di·

216 817 399 900 tendoque,
419 829 477 880 aut
500 817 661 882 neminem
674 814 781 899 carpit
806 830 950 899 unquam
962 858 976 891 ‚
1000 819 1061 876 aut

213 904 238 966 st
263 900 339 987 quit
352 903 382 970 ei
397 903 678 991 reprehendendus
694 901 859 975 occurrit,
882 901 931 964 ita
944 900 1062 964 redar-

81 1015 84 1022 ·
211 991 310 1075 guit,
334 1005 372 1055 ut
385 991 509 1066 officii,
534 997 564 1062 ἃ
582 989 754 1057 charitatis
769 1032 781 1064 ,
795 995 866 1069 ejus
893 986 989 1074 piena
1006 986 1060 1050 vi·
1079 1034 1086 1049 .

215 1079 335 1144 dentur
358 1079 418 1146 esse
439 1081 666 1166 reprehensio·
689 1081 804 1162 Neque
816 1096 895 1144 vero
914 1076 1058 1141 dubium

213 1166 298 1233 mihi
322 1164 391 1240 est,
415 1169 493 1250 quin
509 1171 571 1233 hoe
596 1165 714 1231 libello
727 1183 858 1252 partem>
880 1165 944 1230 hot
964 1177 1057 1233 tem·

211 1273 292 1344 pore
319 1255 461 1322 maxime
490 1253 695 1340 neeessariam
720 1251 944 1326 maturetis,
977 1273 1058 1317 cum

213 1338 372 1407 adversus
395 1340 601 1429 impietatem
622 1342 886 1426 &petulantiam
911 1334 1057 1415 eorunt',

211 1432 272 1514 qui
301 1428 465 1495 ecclesiam
486 1431 613 1495 tamdiu
638 1446 758 1498 texant
783 1474 795 1505 ,
819 1425 901 1495 nihil
934 1428 1058 1494 habea.

213 1539 288 1583 mus
301 1559 311 1590 ,
324 1516 414 1601 quod
426 1518 626 1582 authoritate
645 1516 747 1602 ipsius
762 1518 899 1584 eeclesiae
911 1517 1057 1593 firmius,

212 1609 245 1676 ἃ
271 1603 417 1672 validior
442 1610 591 1696 possimuu
625 1627 819 1694 opponere,
843 1608 955 1688 Atque
987 1605 1059 1669 uti.

214 1713 290 1760 uam
308 1693 405 1759 multi
418 1716 458 1761 ex
473 1695 591 1761 uostris
606 1695 753 1762 contenti
768 1698 830 1767 hor
844 1687 951 1760 ‘vetuti
982 1690 1057 1779 pri.

213 1800 272 1846 mo
291 1781 456 1869 principio
470 1826 482 1859 ,
495 1782 619 1869 singula
632 1782 803 1870 religionis
840 1779 997 1867 mysteria
1023 1780 1059 1848 io

213 1867 485 1956 disceptationem
498 1874 529 1938 St
540 1869 760 1938 contravenit
770 1869 1057 1937 noorevoeersent.

212 1958 307 2028 Dum
331 1960 418 2024 enim
440 1979 476 2023 ea
490 1978 561 2042 quer
577 1960 773 2046 jampridem
793 1957 959 2026 sancita&
974 1977 1059 2023 con·

212 2042 330 2109 stituta
346 2045 420 2112 sont
432 2046 587 2133 plurimis
613 2048 723 2118 verbis
745 2046 959 2131 comprobare
985 2047 1057 2108 stu·

211 2133 314 2212 dent,
336 2131 534 2200 authoritati
558 2136 723 2212 ecclefiae,
745 2132 926 2223 plurimum
941 2133 1061 2200 detra·

214 2237 357 2289 xerunt:
382 2221 437 2288 sed
450 2226 516 2288 hart
533 2234 570 2283 tu
585 2224 703 2286 melios
720 2263 729 2284 .
756 2226 952 2308 Pergratum
969 2221 1057 2289 mihi

215 2310 283 2375 suit
299 2330 340 2374 ex
353 2313 487 2374 Sacrato
498 2309 647 2409 cognosse
663 2327 723 2375 vot
739 2307 812 2374 istic
828 2310 963 2381 valere.
987 2313 1060 2382 Ve'·

213 2398 310 2466 rebar
336 2394 422 2464 enim
441 2415 481 2459 ne
498 2393 671 2479 quirinalis
698 2395 756 2461 iste
770 2416 822 2464 aer
845 2398 1059 2465 offensionem

215 2483 366 2570 aliquam
391 2483 489 2549 tobia
504 2482 688 2556 intulisset.
712 2486 792 2551 Saue
817 2485 942 2551 coeiurn
955 2486 1059 2555 istud

213 2573 257 2653 tlt
280 2572 452 2639 hominum
467 2569 648 2658 frequentia
672 2572 960 2652 semotum,aestate
973 2596 1059 2662 pru·

218 2657 333 2730 sertim
347 2681 413 2728 non
434 2658 516 2726 satis
531 2663 659 2747 probo.
682 2662 745 2725 Sed
758 2667 890 2741 jamjam
912 2671 982 2752 (ut
995 2683 1059 2729 au·

214 2748 306 2833 dio)
333 2749 367 2816 in
390 2748 587 2818 Vaticanum
607 2750 892 2835 commigrabitir.
915 2751 1056 2822 Utinam

215 2836 338 2923 possent
360 2842 462 2923 &ego
474 2834 561 2922 apud
577 2858 640 2903 vor
661 2837 775 2907 vivere
796 2838 905 2908 tribur
935 2842 1056 2907 metrii.

219 2926 307 2990 hue.
333 2925 417 2989 Eam
438 2925 529 2989 enim
542 2944 650 2990 veram
662 2929 693 2992 ἃ
709 2926 742 2993 io
759 2927 856 2993 terrie
869 2930 1060 3015 perbeatam

220 3012 328 3075 vitam
342 3012 493 3076 ducerem
507 3054 517 3085 ,
542 3010 599 3078 sed
624 3011 736 3080 neseio
749 3033 817 3099 quo
828 3018 923 3103 patto
937 3037 988 3082 me
1001 3018 1058 3083 ni.

223 3098 275 3162 hii·
291 3098 578 3179 studiosrur‚quam
594 3101 703 3165 otium
719 3105 973 3189 appetentem,in
986 3105 1059 3173 dier

217 3184 324 3269 magis
340 3182 506 3268 magisque
521 3188 699 3253 domestica
711 3191 883 3277 implicant
896 3195 1028 3277 negotia
1045 3235 1059 3268 ‚

218 3273 340 3355 quibus
357 3272 572 3358 sealiquaodo
593 3277 723 3342 tandem
740 3280 926 3365 explicabor
943 3323 953 3355 ,
977 3302 1060 3349 eoo·

219 3361 373 3424 stitutum
388 3364 492 3428 habeo
503 3363 545 3427 ad
561 3382 622 3427 vos
634 3364 818 3450 proficisci,
840 3366 930 3454 quod
949 3386 1058 3453 quau.

222 3451 268 3525 do
280 3450 428 3514 futurum
446 3454 484 3515 tit
498 3453 624 3526 ,adhuc
639 3452 719 3517 mihi
733 3456 777 3520 est
792 3456 1056 3542 incompertum:

218 3538 340 3602 inciam
358 3554 467 3604 tamen
478 3555 571 3607 antea
588 3561 650 3607 voa
666 3544 843 3609 certiores·
868 3546 920 3610 De
934 3546 1059 3611 Sacrati

216 3624 337 3695 studiis
363 3626 447 3695 ninii
461 3627 555 3698 aliud
582 3628 624 3695 ad
639 3643 672 3697 te
694 3629 800 3698 scribo
814 3674 826 3710 ,
838 3637 840 3641 ’
850 3651 949 3719 quam
963 3631 1058 3721 quod

446 3778 447 3781 ,
1001 3719 1062 3796 sti,-
