2542 4350
216 478 259 554 3!
392 466 588 536 moun
607 465 902 534 nemum

219 561 398 633 moribus,
420 564 450 624 ἃ
467 556 634 642 legitiolo
655 558 733 621 rit:
755 578 881 642 genere
907 574 973 620 non
991 554 1055 644 plur

217 650 318 732 tttigi
344 693 358 721 ,
379 666 479 731 quam
512 661 673 731 qnantum
699 644 797 709 ranst
820 641 981 732 poscebat
1002 646 1058 720 ,it

220 756 291 818 qno
305 737 499 801 mnrlessitm
515 753 620 795 meam
635 733 699 796 tibi
717 737 902 821 probatam
917 734 978 798 elle
990 732 1058 798 leri-

221 824 301 897 bis,
325 825 420 910 pinne
449 823 498 885 ira
521 823 707 885 faciendum
728 820 799 885 fuit
812 867 826 898 ,
852 826 941 889 ut&
963 823 1060 887 locun

219 915 419 997 attingerem
444 910 586 973 manime
617 911 829 975 netefftrinm
855 954 869 984 ,
893 913 926 977 tr
947 910 983 972 id
1005 914 1060 975 fine

224 1000 295 1062 nlla
320 998 507 1085 petulantia
532 1000 670 1062 iacerem
693 1042 706 1071 ,
728 998 918 1085 prasertim
943 1018 1017 1064 cum
1037 1000 1060 1062 it

224 1087 406 1153 admodum
425 1086 574 1151 lubricus
598 1086 640 1148 fit
652 1085 767 1163 lotus,
791 1089 874 1150 tcfi
895 1087 1062 1154 vehemen-

223 1174 296 1240 tius
317 1176 471 1261 egiffem,
495 1180 651 1251 majorem
676 1171 745 1237 illis
771 1173 949 1238 licentiam
972 1175 1064 1241 vicil-

220 1264 281 1327 srm
304 1261 475 1328 accusandi
496 1263 648 1325 morer&
658 1280 757 1346 praet
774 1263 934 1326 instituta
944 1264 1065 1327 nostro·

222 1373 295 1416 rum
314 1352 430 1415 inerim
455 1349 661 1431 largiturus,
683 1351 743 1433 qui
772 1371 862 1414 nunt
885 1353 909 1413 fi
936 1352 1065 1439 respond

221 1441 330 1504 dendo
355 1457 391 1501 et
406 1457 471 1520 qun
485 1435 592 1500 solent
609 1436 829 1502 maledicendi
849 1437 995 1504 libidine
1020 1440 1062 1503 el·

221 1528 366 1593 ferentur
380 1570 391 1599 ,
416 1547 529 1589 eorum
543 1525 653 1586 futura
674 1527 721 1589 est
735 1525 896 1610 infignior
910 1530 1062 1610 petulan-

219 1615 266 1676 tit
281 1619 308 1680 St
326 1613 601 1699 procacitas-Sed
617 1613 657 1674 de
674 1612 760 1677 libro
782 1617 944 1677 bastenus
960 1617 1061 1699 ,Qun

220 1702 262 1765 de
286 1702 434 1767 §adoleri
460 1703 593 1764 Patroni
618 1700 681 1762 mei
704 1699 956 1768 valetudineex
982 1703 1062 1768 meis

219 1790 262 1851 td
276 1795 443 1854 sacratum
466 1787 573 1853 literis
597 1788 780 1869 coguoeiffe
795 1806 829 1854 te
852 1787 976 1854 scribit
995 1802 1063 1866 ,tl

217 1877 283 1941 eibi
310 1876 451 1956 jucunda
474 1875 738 1948 fuiffe,miuiue
752 1877 854 1941 miror
884 1919 894 1939 .
919 1880 1062 1965 Neque,

218 1965 304 2028 enim
321 1964 437 2049 quanti
456 1975 491 2025 tu
507 1961 603 2026 illum
623 1964 816 2050 jampridem
830 1964 1060 2054 fatias,igno-

216 2073 256 2115 ro
270 2054 466 2134 ,mutuique
480 2051 602 2113 amoris
626 2055 696 2128 ejus
715 2073 789 2136 erga
817 2068 849 2115 te
879 2053 976 2119 tellis
997 2053 1061 2144 ipit

147 2150 152 2158 '
194 2136 286 2204 'sum
309 2141 483 2227 optimut,
506 2139 680 2221 quiquum
698 2159 717 2202 a
738 2162 789 2205 me
800 2135 973 2207 salutatur
987 2148 1062 2211 ellit

216 2229 325 2293 verbis
353 2230 448 2303 tuis,
471 2232 501 2292 tr
517 2243 573 2289 tua
589 2224 638 2289 sui
665 2230 825 2292 memoria
846 2234 1060 2299 vehementer

217 2315 398 2378 tieletlatut
426 2314 499 2386 cll,
527 2318 557 2380 St
579 2312 684 2375 multa
709 2336 834 2378 mecum
858 2316 900 2383 de
916 2334 951 2384 te
978 2322 1060 2387 ami.

218 2401 333 2467 tissime
357 2403 400 2465 ell
425 2398 581 2465 locutus.
607 2406 718 2483 Atque
740 2416 778 2465 ut
801 2403 896 2472 illius
923 2410 977 2474 tui
1004 2430 1061 2474 au·

215 2490 312 2574 gendi
337 2488 539 2573 ornandique
568 2489 714 2554 studium
740 2490 912 2578 agnoscere
940 2503 1062 2583 poffis,
1093 2510 1096 2514 ’

213 2579 328 2663 paucis
354 2596 428 2646 ante
451 2580 569 2644 diebus
595 2580 634 2643 de
657 2592 691 2642 te
718 2581 1060 2667 cum-ampliffimo&

214 2665 385 2733 tlarillimo
407 2665 488 2736 Viro
517 2666 704 2733 Alexandro
733 2669 880 2733 Faruefio
903 2689 1057 2740 accurate

212 2752 349 2824 locutur
378 2758 444 2833 est,
468 2757 599 2843 egitque
623 2756 832 2840 aequoniam
856 2756 884 2822 ie
908 2763 950 2827 de
970 2763 1057 2829 mit·

215 2846 317 2910 teudo
343 2846 545 2910 Aveniooem
577 2844 710 2909 bomine
739 2844 861 2909 idoneo
888 2850 1055 2936 cogitat,

214 2932 275 3011 qui
301 2932 358 2996 illa
374 2934 405 2996 in
425 2933 565 2999 Ecclelia
589 2933 692 3017 ipsius
709 2933 934 3015 fitVicariuS,
959 2955 994 3007 te
1017 2943 1059 3007 ad

213 3015 251 3078 id
272 3020 520 3084 honestitlimum·
549 3041 667 3086 munus
692 3064 703 3094 ,
726 3022 748 3086 fi
769 3023 974 3103 videretur,
1000 3030 1060 3096 de-

212 3102 350 3188 ligeret,
376 3126 442 3187 quo
455 3105 592 3186 quidem·
608 3116 639 3175 iu
653 3109 796 3177 sermone
813 3112 874 3177 tibi
889 3115 1055 3194 ejusmodi

210 3190 303 3256 eledlt
328 3192 553 3257 testimonium·
574 3239 585 3269 ,
609 3199 698 3277 quod
727 3216 920 3286 perpetuum
952 3206 1058 3292 ipllun

210 3278 250 3342 tle
276 3292 330 3341 tue
348 3279 492 3352 virtute,
518 3283 708 3364 probitate,
727 3290 875 3358 doitrina
890 3292 1057 3370 judicium

211 3364 420 3454 postulabat.
447 3367 517 3434 Hoc
539 3383 575 3433 ut
592 3373 631 3433 ad
651 3387 680 3434 te
694 3372 888 3453 scriberem,
913 3386 1057 3449 maudu-

213 3470 287 3517 tum
311 3453 390 3519 mihi
415 3456 454 3517 ab
481 3458 595 3532 eoell,
620 3480 687 3544 quo
705 3466 889 3531 voluntatis
902 3483 966 3534 ture
980 3494 1054 3538 cen·

216 3543 284 3605 tior
310 3542 370 3604 abo
391 3559 421 3607 te
446 3545 524 3607 fiat,
547 3547 629 3611 Nam
654 3550 735 3616 fiat
754 3574 792 3616 eo
809 3557 977 3624 curatione
994 3560 1054 3626 su-

220 3626 387 3714 scipienda
415 3647 450 3698 te
469 3633 604 3731 minime
636 3638 809 3730 abliorrere
832 3648 1052 3728 cognoverit,

265 3778 269 3785 .
1008 3734 1055 3803 de
