2542 4350
458 483 501 568 V
530 504 547 566 1
578 508 609 567 r
640 507 699 568 n.
957 488 999 572 ei

146 596 417 686 ibericorum
448 597 531 714 jam
564 631 685 717 prope
717 596 766 685 de
799 598 994 692 salutes&

145 718 315 805 fortunis
356 719 431 805 sois
471 719 760 835 desperarent,
805 720 994 836 Episcopi

145 838 202 924 sui
234 837 426 924 beneficio
457 870 508 925 ex
528 840 683 956 ingenti
715 840 889 958 periculo
913 869 996 926 erc·

145 959 208 1073 pti
239 958 370 1045 sunt.
410 958 530 1046 Gesta
568 986 711 1048 autem
752 989 799 1045 eu
840 987 899 1044 rer
937 958 996 1046 est

145 1101 308 1164 mortuo
339 1078 422 1189 jam
455 1080 667 1168 Clemente
691 1079 880 1169 Pontifice
901 1086 994 1195 Mae

147 1200 277 1312 ximo,
296 1227 390 1286 cum
406 1194 579 1289 *Paulus
601 1202 642 1286 ei
659 1201 823 1290 Tertius
850 1198 994 1284 succes·

144 1318 282 1403 fillet.
334 1317 468 1431 Hujus
509 1351 670 1434 quoque
698 1318 901 1408 Pontificio
928 1347 993 1404 ao.

85 1449 93 1465 ·’
145 1439 289 1523 cerfitu
321 1445 499 1527 Romam
527 1441 734 1529 Sadoletus
766 1433 831 1475 Η
861 1435 990 1523 redire

140 1555 302 1645 coaetus
329 1558 407 1644 est.
438 1561 608 1648 Etenim
639 1563 673 1646 is
690 1561 748 1646 sui
776 1558 990 1647 Pontifica-

183 1793 198 1822 ¹
240 1798 336 1850 Paulus
349 1799 373 1848 ei
386 1798 477 1850 tertius
491 1797 691 1868 sueceffiffeu]
712 1797 794 1849 Obiit
813 1804 901 1848 autem
924 1796 990 1846 Cle·

142 1891 218 1925 meus
238 1876 303 1924 Vll.
316 1872 357 1924 die
373 1890 399 1928 a.
412 1872 538 1926 Ostobria
556 1877 619 1928 anni
646 1892 733 1939 1534.
749 1872 773 1923 ἃ
792 1874 833 1924 die
859 1889 904 1936 ¹3·
920 1867 994 1932 eius·

139 1956 201 2004 dem
224 1951 340 2017 mensio,
360 1969 438 2022 quum
452 1953 536 2020 pridie
552 1985 563 2019 ,
583 1955 628 2006 seu
642 1953 729 2004 veriua
742 1953 822 2004 biduo
845 1964 907 2000 ante
923 1965 989 2000 con·

139 2032 216 2080 clave
235 2030 388 2082 cardinales
402 2029 502 2101 ingressi
521 2033 627 2097 essent,
648 2032 818 2083 renunciatur
842 2028 877 2078 esi
893 2027 992 2079 Ponti·

139 2112 185 2159 sex
199 2107 368 2159 concordibus
381 2105 509 2175 suffragiis
526 2111 675 2161 Alexander
695 2109 829 2160 Parnesue
846 2106 910 2157 sacri
924 2106 990 2157 eol.

88 2185 93 2189 ’
139 2186 204 2253 legii
219 2191 354 2253 Decenur,
374 2188 518 2257 Episcopua
538 2189 687 2256 Ostiensis,
708 2188 783 2241 Pauli
799 2187 843 2239 111
850 2219 859 2237 .
877 2186 990 2237 nomino

140 2265 186 2317 libi
207 2267 332 2332 sumpto.

179 2340 221 2372 ⁴¹⁴⁸
262 2344 353 2397 Redire
365 2342 463 2399 crassus
474 2342 509 2409 ali
521 2382 529 2399 .
543 2356 556 2421 J
577 2336 743 2400 Decennium
754 2346 905 2399 Sudoletum
918 2346 989 2394 Car·
1004 2384 1010 2396 .

138 2417 289 2491 pentoruiie
307 2422 423 2489 uixisse,
444 2424 493 2476 boc
504 2425 541 2475 en
560 2424 593 2475 ab
608 2426 761 2477 initioanni
782 2437 869 2487 ¹527·
884 2422 914 2471 ad
928 2420 989 2472 exi·

138 2514 197 2554 turn
211 2500 273 2551 anni
291 2510 376 2564 ¹536·
393 2502 486 2554 scribit
503 2503 615 2569 ipsemet
632 2505 729 2567 Joanni
743 2505 874 2554 Toletano
893 2516 901 2549 ε
919 2529 942 2562 ,,
954 2500 989 2550 Iu

90 2601 94 2605 ·
137 2612 162 2646 ‚,
184 2578 230 2629 hac
245 2578 310 2630 mihi
338 2577 517 2641 jucundissima
540 2578 565 2629 ἃ
581 2597 641 2632 uere
662 2578 806 2633 beatissima
833 2575 989 2629 conditione

138 2691 162 2725 „
184 2657 246 2708 virae
265 2674 323 2709 cunr
339 2658 427 2709 decem
439 2674 522 2709 anuos
534 2658 589 2710 sere
603 2658 739 2726 exegissem
756 2656 804 2708 sec.
818 2688 840 2722 „
851 2688 859 2705 .
869 2656 903 2705 Et
920 2652 989 2704 Duci

136 2735 259 2787 Saxonioe
280 2753 286 2786 :
313 2768 335 2802 ‚,
356 2739 416 2799 Jum
438 2738 654 2806 quemadmodum
676 2737 705 2787 iu
729 2735 840 2787 Ecclesia
860 2748 918 2783 mea
941 2745 989 2797 pet

136 2845 161 2881 ‚‚
181 2815 269 2863 decem
283 2830 366 2865 annos
381 2814 519 2866 manserim
534 2847 544 2879 ,
557 2812 605 2867 bro.
622 2847 645 2881 „
657 2819 814 2870 ,Autumno
829 2812 910 2879 igitur
922 2807 988 2861 anni

140 2898 226 2956 1536.
240 2893 342 2943 Summi
355 2892 627 2949 pontificisaecersrro
645 2899 756 2945 Romem
777 2890 854 2944 veuit
878 2888 990 2939 Sudore·
1022 2936 1024 2941 .

134 2983 200 3033 tus,
222 2970 354 3039 postquam
370 2973 493 3023 Pontifex
510 2987 613 3025 creetur
628 2975 716 3025 fuerat
741 2971 834 3023 Paulus
851 2969 904 3019 ΙΙΙ.
916 2970 988 3018 anuo

131 3049 243 3119 secundo
257 3080 268 3114 ,
289 3061 317 3100 ut
331 3050 384 3117 ipse
398 3051 508 3101 scribeue
525 3062 613 3103 narrat
627 3068 635 3103 :
655 3067 766 3120 eumque
788 3046 909 3099 Massiliae
921 3061 988 3096 con·

136 3136 271 3192 venerut,
292 3128 421 3179 salutandi
444 3130 529 3196 gratia
553 3150 564 3198 3
585 3143 772 3198 acceperatque
790 3127 824 3178 ab
846 3142 877 3175 eo
897 3123 987 3189 diplo-

136 3221 204 3268 ma,
225 3221 281 3275 quo
300 3209 393 3259 Paulus
412 3224 493 3277 nepos
509 3207 615 3269 adiutor
635 3211 677 3261 illi
689 3209 720 3260 iu
734 3208 844 3275 regenda
866 3207 987 3268 carpea·
1029 3264 1031 3267 ¹

136 3283 273 3338 rosellensi
294 3286 405 3337 Ecclesia
425 3288 535 3339 dubarur
557 3321 569 3354 ,
591 3299 620 3339 ut
647 3288 716 3338 idem
742 3288 879 3337 Sadolerus
901 3280 984 3331 sede·

136 3364 192 3415 rico
212 3364 331 3430 Fregosro
346 3365 543 3433 fignificuvit'in
555 3366 647 3433 sipili.
667 3385 698 3431 7.
714 3365 763 3417 lib.
777 3367 828 3415 111.
850 3366 919 3411 Data
934 3375 986 3431 vr.

135 3444 251 3501 Calend,
275 3443 349 3504 ,lunii
377 3454 460 3509 153⁶·
475 3445 517 3498 ubi
536 3459 624 3498 tamen
644 3441 742 3504 ineius
765 3456 873 3510 operum
887 3436 986 3488 editio·

136 3521 215 3575 nibus
236 3522 397 3588 Mugunriua
415 3540 461 3577 nn.
489 3534 572 3583 1607.
595 3520 619 3571 ἃ
642 3520 780 3573 Veronensr
806 3518 869 3571 unni
896 3517 987 3577 ¹73⁸·

138 3618 202 3669 quae
224 3618 274 3669 prae
300 3602 421 3655 manibus
451 3603 478 3654 io
508 3601 701 3669 presentiarum
735 3590 888 3661 habemur,
917 3590 986 3659 legi·

136 3680 379 3740 corraduntur
402 3681 571 3741 succesorem
596 3682 687 3743 datum
713 3696 730 3737 a
750 3682 880 3738 clemente
891 3677 954 3726 Vn.
955 3699 986 3806 οἰ

439 3778 450 3797 ο
917 3766 955 3821 qu
