2542 4350
526 454 566 537 V
596 477 612 535 t
644 480 675 537 τ
706 481 762 538 Α.
924 486 1065 547 lxxxv

226 583 392 649 vocatus
425 564 535 651 enim
567 563 586 604 '‘
621 576 843 682 Romam,
874 574 1065 667 vixdum

219 683 276 766 ibi
310 681 579 793 constiterat,
621 719 714 774 cum
746 718 937 777 renovato
975 700 1065 809 quia

210 803 372 888 buldam
407 804 604 891 decausis
645 812 750 895 inter
782 815 977 900 Carolum
1011 822 1051 904 dc

212 924 480 1010 Franciscum'
505 929 644 1035 bellu,
678 934 716 1013 8<
749 933 800 1012 ob
832 961 969 1017 eorum
1002 936 1060 1020 di·

212 1042 379 1130 scordias
415 1047 638 1161 Republica
659 1049 882 1136 Christiana
911 1056 1061 1140 iterum

893 1228 897 1237 -
1017 1203 1060 1258 tn

216 1363 339 1417 trudiione
361 1363 496 1418 eaehotice
516 1361 655 1427 Euhie,
675 1363 743 1416 idem
756 1366 784 1418 fit
806 1384 839 1419 an
851 1367 915 1418 illud
929 1368 958 1420 dc
978 1373 1065 1440 Repu.

215 1443 283 1496 blica
294 1440 439 1496 Christiana
456 1474 466 1506 ,
487 1445 554 1507 quod
567 1442 694 1508 aggressus
709 1443 756 1494 ille
780 1460 858 1511 erat,
881 1446 930 1496 lite
951 1450 1064 1500 medita·

189 1520 191 1524 ’
213 1519 326 1586 batur,&
339 1517 410 1578 cuiun
424 1523 571 1585 proemium
583 1516 698 1586 primum
712 1523 810 1574 editum
821 1541 836 1574 a
848 1529 875 1574 Ρ.
890 1527 981 1575 Laceri
992 1528 1020 1577 S.
1034 1529 1058 1581 l.

213 1602 245 1651 ad
265 1601 360 1651 calcem
375 1612 443 1650 tom.
467 1613 494 1648 r.
510 1599 660 1648 Miscellan.
686 1614 719 1648 ex
740 1602 913 1668 manuscript.
929 1602 1060 1658 Biblioth.

212 1678 319 1743 colleg.
331 1676 443 1725 Romani
456 1673 633 1740 p.608.lrabet
649 1673 759 1727 inierim
773 1682 975 1743 p.cvrtt.Quum
986 1681 1058 1734 euim

213 1757 242 1807 in
254 1755 303 1805 hoc
315 1754 433 1818 proemio
442 1750 554 1801 affirmet
566 1766 631 1816 opus
649 1751 672 1799 t'e
682 1754 785 1817 aggredi
796 1753 922 1817 senefiam
929 1754 984 1816 jam
996 1778 1060 1825 gra.

213 1832 382 1898 vcmmur‘ppe
393 1830 438 1894 qui
451 1829 485 1879 ad
498 1843 563 1878 m.
572 1842 670 1878 annum
684 1827 811 1896 acttffm't
822 1846 829 1881 ε
840 1829 856 1890 (
868 1845 923 1882 erat
936 1848 1022 1884 aurem
1033 1838 1060 1890 ei

215 1926 301 1962 aunua
315 1923 379 1958 tax.
392 1909 458 1972 Rep.
471 1906 609 1966 Salam.
624 1903 667 1971 qui
679 1906 729 1956 fuit
739 1907 892 1975 etiamjvitae
903 1910 1062 1985 postremus)

216 2006 250 2041 ex
261 1985 376 2052 Epistola
385 1994 468 2033 autem
483 1984 513 2032 ad
526 1982 832 2036 cardinalemllccoltum
847 1987 933 2051 paullo
943 1988 1059 2055 inperitae

216 2065 323 2119 laudata
337 2063 456 2123 constet,
476 2078 535 2112 eum
555 2077 600 2112 an.
626 2073 715 2124 1541.
735 2061 763 2112 in
782 2062 863 2114 tertio
884 2063 953 2115 libro
974 2070 1061 2134 operia

215 2145 246 2198 dt
260 2139 415 2197 tamtiiona
433 2141 569 2193 Catholice
590 2139 707 2207 Ecclessae
731 2141 903 2192 elucubrando
924 2145 1061 2201 detentum

215 2223 292 2275 suiise
313 2241 321 2285 3
343 2234 371 2271 ut
395 2217 459 2269 hanc
485 2219 611 2285 temporis
640 2219 838 2288 repugnantiam
859 2221 1063 2290 conciliemur,

215 2301 260 2354 vel
277 2300 413 2351 dicendum
442 2294 477 2346 est
493 2329 505 2361 ,
524 2298 576 2348 duo
597 2293 649 2349 iret
672 2297 743 2348 luiffe
764 2313 844 2364 opert
864 2299 967 2351 diversa
991 2306 1070 2367 ,vel

214 2378 300 2446 ipsum
314 2376 387 2427 libris
405 2372 459 2435 iam
480 2372 605 2427 conscilia
618 2375 766 2445 proemium
796 2375 941 2445 scripsrffe,
962 2378 989 2429 iu
1013 2396 1066 2450 qno

216 2457 265 2509 illa
277 2456 375 2508 dixerit
388 2487 396 2505 .

238 2530 254 2561 ⁸
274 2538 381 2588 Romam
395 2540 427 2601 ·]
449 2534 528 2583 Anno
540 2547 622 2596 ¹54²·
639 2536 753 2583 Romam
771 2532 795 2581 se
809 2531 903 2582 venisse
915 2533 1064 2586 accerfitun

216 2613 323 2665 al’aulo
345 2613 400 2662 ΙΙΙ.
418 2611 525 2662 testatur
538 2610 605 2660 idem
621 2611 796 2660 Snuoterus
819 2607 846 2655 in
861 2607 945 2659 literis
958 2611 1062 2662 Guliel-

215 2706 262 2743 mo
282 2690 349 2741 Duci
361 2686 475 2739 Bavarioe
489 2687 593 2753 scriptis
606 2702 653 2737 vr.
671 2688 730 2736 ldut
741 2684 809 2735 Maii
825 2686 914 2734 eodem
931 2703 1000 2737 anno
1014 2687 1063 2740 lib.

216 2784 260 2822 ιι.
272 2786 316 2835 ep.
334 2783 405 2820 ro..·
430 2796 452 2829 ,‚
471 2769 540 2816 Cum
564 2765 596 2815 ab
610 2760 850 2831 Carpentoraiiensr
870 2763 980 2815 Ecclefia
999 2782 1057 2817 mea

215 2878 240 2915 ,‚
261 2850 372 2897 Romam
387 2843 514 2895 rediissem
534 2842 670 2894 Pontificis
687 2840 803 2891 Maximi
825 2836 909 2907 ium,
930 2857 982 2893 non
999 2858 1058 2894 mo.

214 2956 239 2992 „
259 2924 450 2984 domentur,
471 2937 561 2972 verum
582 2920 664 2973 etiam
687 2919 837 2986 compulsus
857 2949 879 2982 „
906 2956 914 2973 .
938 2922 1002 2973 Erat
1015 2932 1058 2972 ta*

215 3018 278 3055 men
291 2998 373 3052 adhuc
387 2997 584 3067 Carpentotadii
604 3015 689 3051 aru.
700 2998 828 3049 Calendaa
846 2998 962 3053 Martii.
986 3005 1059 3053 Nam

217 3096 248 3132 et
261 3081 304 3131 die
318 3079 431 3130 indidem
445 3076 534 3128 scribit
548 3077 684 3128 Gulielmo
696 3072 790 3132 l’oieto
799 3073 918 3127 libant.
929 3094 1016 3141 ep.9.,
1029 3077 1060 3128 sn-

218 3156 467 3225 guinemarum,
487 3157 511 3205 se
530 3172 589 3207 cum
614 3155 675 3205 aliia
697 3152 882 3204 Cardiutlibus
897 3167 1056 3209 evocatum:

217 3268 242 3303 „
263 3245 331 3292 puto
343 3247 368 3285 te
379 3233 473 3284 audille
491 3249 539 3285 net
551 3232 699 3302 omuet,qui
709 3233 739 3283 de
750 3231 930 3283 cardinalium
942 3232 1063 3297 collegio

218 3345 244 3382 „
263 3314 360 3376 sumna,
371 3312 471 3362 Summi
485 3310 621 3363 Pontifici,
633 3312 730 3363 litteris
742 3310 776 3361 ad
785 3311 873 3359 urbem
886 3310 934 3360 elle
943 3310 1041 3360 accitot
1054 3343 1063 3360 .

220 3423 247 3465 ‚,
269 3398 360 3459 ltaque
373 3388 417 3441 etii
445 3406 509 3455 egre
524 3389 556 3439 ab
576 3389 688 3439 Ecclesia
706 3405 763 3438 mea
781 3388 894 3437 divellor
916 3419 927 3451 ‚
949 3388 1064 3455 mihique

221 3500 246 3536 „
265 3484 323 3518 tum
346 3467 393 3517 hot
420 3467 491 3530 iter,
511 3479 570 3517 turn
589 3466 692 3518 veroin
711 3466 777 3517 urbe
796 3465 893 3516 manlio
915 3466 942 3515 in
956 3480 1064 3515 omnent

223 3577 247 3613 ,‚
270 3557 370 3612 partem
398 3544 563 3595 incommoda
583 3545 672 3595 futura·
691 3542 726 3593 eil
747 3574 759 3605 ,
780 3555 867 3594 tamen
890 3544 992 3609 quaudo
1014 3557 1062 3590 ex·

228 3653 252 3692 „
272 3623 394 3693 caurio,
413 3638 464 3694 qua
488 3623 546 3677 ustta
564 3621 663 3677 suetam
684 3633 792 3689 accepta
811 3636 875 3693 nou,
888 3622 948 3689 cll,
967 3633 1064 3682 eaquae

1007 3693 1069 3747 huia
