2542 4350
508 469 549 567 v
578 503 597 565 1
626 500 659 564 Τ
687 498 743 564 A·
958 477 1059 568 XLiss

193 621 291 709 que
320 590 577 706 collaudato,
608 603 700 684 Rex
718 619 813 681 eum
841 599 1058 683 amantissi-

193 744 276 802 me
307 717 493 802 dimifit.
536 715 718 803 Disceffit
758 738 898 801 autem
941 715 1054 801 illinc

195 840 304 923 c'urn
323 837 445 952 Regis
463 833 611 947 judicio
630 834 946 950 probatiffimm,
964 855 1059 921 tunt

195 952 374 1041 collebia
406 956 629 1040 multorum
646 981 700 1040 ex
730 953 868 1040 amicis
892 957 932 1039 &
963 981 1057 1066 por·

197 1075 361 1191 puratis
393 1075 515 1189 Regis
546 1074 706 1189 gratia,
738 1100 910 1183 quorum
930 1069 1057 1158 studia

199 1196 248 1279 &
281 1192 603 1278 benevolentiam
622 1218 716 1304 erga
745 1189 815 1300 se,
847 1190 965 1275 variis
983 1218 1055 1304 po·

202 1309 288 1397 stea
319 1312 501 1400 Ecclesrae
532 1309 607 1394 suae
638 1311 884 1424 temporibus
914 1335 1056 1423 expet·

198 1450 272 1515 tus
302 1429 359 1514 est
395 1461 406 1513 ε
449 1429 562 1515 velut
601 1455 651 1511 eo
689 1451 922 1544 tempore,
969 1455 1053 1538 quo

204 1547 433 1635 Franciscus
478 1545 743 1662 Allobrogum
785 1548 925 1661 regulo
970 1546 1053 1630 bel·

199 1663 292 1750 lum
324 1664 490 1749 intulit.
508 1671 571 1752 Ea
584 1680 727 1750 'autem
745 1692 806 1749 res
836 1667 896 1750 ita
926 1663 965 1748 se
982 1665 1054 1750 ha·

200 1780 326 1865 buit.
360 1788 434 1866 Per
475 1779 853 1894 Carpentorabiense
903 1809 1052 1894 agrum

204 1899 333 2011 Regis
363 1898 560 1985 exercitus
590 1900 671 1981 iter
697 1898 896 1987 faciebat:
928 1882 973 1985 iti
1001 1928 1054 1987 eo

205 2014 387 2102 exercitu
420 2015 662 2100 Gullielmus
705 2015 871 2123 quidam
917 2039 1052 2120 erat,

196 2135 277 2249 qui
309 2160 498 2249 magnam
539 2139 840 2221 Germanorum
880 2158 1051 2222 manum

203 2254 257 2342 ad
288 2283 425 2370 regem
455 2250 707 2361 adduxerat,
740 2249 866 2335 homo
896 2251 1056 2342 iracun·
1161 2297 1167 2307 ·

203 2374 277 2462 dus
325 2380 366 2462 δε
395 2402 565 2490 praeceps
591 2434 602 2458 .
633 2367 836 2479 Accidit,
867 2389 914 2456 ut
953 2398 1053 2462 cum·

202 2497 360 2607 aliquot
411 2494 494 2603 ejus
542 2492 692 2578 milites
738 2488 1053 2604 carpentoracte

206 2613 363 2729 ingreffi
381 2611 624 2727 petulantius
644 2607 720 2695 sese
738 2628 952 2722 gererent,
984 2639 1051 2697 eo·

201 2761 297 2822 rum
328 2731 581 2818 contumeliis
599 2733 638 2817 8<
659 2727 868 2813 inl'olentia
898 2730 1053 2818 accenfi

202 2873 560 2939 commoverentur
590 2850 723 2966 primo
752 2850 933 2936 nonnulli
962 2850 1055 2965 opi·

201 2970 327 3087 tices,
358 2969 498 3058 deinde
529 2992 617 3057 tota
647 2972 730 3057 lere
751 2962 772 3081 (
794 2989 840 3055 ut
869 2962 953 3081 fit)
975 2968 1049 3105 'ci

679 3118 704 3179 c
941 3110 1053 3175 vitae

198 3289 225 3327 „
244 3256 376 3324 derunt,
396 3256 538 3329 infringere
556 3256 586 3311 in
599 3271 626 3311 te
649 3272 728 3327 parur
748 3252 959 3329 magnitudinem
981 3250 1048 3304 anl-

198 3367 225 3406 ,‚
246 3336 283 3388 nri
307 3336 413 3402 nostri,
434 3354 466 3389 ae
490 3339 578 3391 cadere
598 3336 705 3408 quidem
725 3339 755 3393 in
780 3332 971 3406 cogitationem
992 3346 1050 3381 rto-

198 3445 225 3484 „
247 3416 327 3467 stram
340 3416 416 3469 debet
431 3449 439 3468 ·
459 3416 486 3468 Si
501 3417 587 3485 pensio
600 3432 646 3483 per
665 3417 822 3471 Pontificem
835 3408 917 3480 potest
933 3408 1047 3459 robor·-

200 3523 226 3561 ,‚
247 3493 295 3561 ri,
316 3494 423 3547 bonella
444 3494 478 3547 cll
491 3494 583 3559 allio,
602 3492 726 3561 &petere
750 3511 806 3548 nort
828 3489 1001 3545 indecorum:
1022 3483 1044 3535 l'r

198 3599 227 3639 2,
248 3573 280 3623 ad
302 3589 388 3640 regem
407 3573 607 3640 confugiendum
632 3572 693 3637 est,
712 3589 766 3625 nou
788 3572 825 3626 est
850 3564 919 3621 tanti
933 3561 1047 3629 pensio,

198 3679 229 3717 2,
248 3667 293 3704 cur
306 3650 373 3703 hauc
395 3649 571 3705 demissionem
587 3649 692 3715 animi,
710 3651 828 3712 alitum
848 3638 866 3703 'a
885 3637 1004 3700 munibat
1017 3633 1047 3690 ἃ

201 3757 231 3800 2,
251 3725 277 3785 k
288 3741 385 3797 natura
411 3729 498 3798 nullm
510 3728 645 3794 tuorna·
657 3757 681 3807 ῃ
693 3766 704 3793 .
