2542 4350
302 522 372 607 viii
448 528 638 638 Jnconr
680 522 967 608 Snoottrr
1180 482 1186 573 ι

297 640 417 752 gione
459 641 601 724 ceteris
638 640 935 724 antecelleret.
969 641 1021 723 In
1056 637 1144 749 ejus

299 757 502 843 callilsnna
533 756 655 842 domo
685 758 831 841 multos
858 784 980 842 annos
998 757 1061 844 ita
1082 762 1140 843 vi·

175 892 179 897 “
299 875 362 961 xit
380 937 394 985 ,
428 880 530 962 ut&
559 874 608 960 ad
627 876 872 990 optimarum
889 877 1042 960 artium
1064 874 1145 961 stu·

296 992 363 1077 clia
392 993 537 1078 affidue
566 993 850 1101 incumberet,
881 996 921 1079 8<
952 1022 1048 1079 cum
1079 1022 1139 1079 re·

297 1111 418 1222 liquis
450 1113 665 1220 omnibus,
698 1135 786 1198 tum
817 1111 874 1197 illi
904 1111 1137 1225 graviffimo

298 1229 389 1313 viro
408 1232 697 1345 probatissimus
714 1231 833 1314 ellet:
864 1259 888 1313 a
906 1258 990 1340 quo
1008 1233 1138 1315 etiam

298 1348 467 1432 honello
497 1350 539 1433 in
580 1349 678 1433 urbe
706 1355 837 1434 Roma
865 1343 884 1382 ’‘
918 1347 1142 1433 sacerdotio

298 1489 463 1551 ornatus
495 1464 548 1550 est
582 1527 593 1549 .
625 1474 725 1552 Erat
755 1491 894 1550 autem
932 1467 972 1550 in
1004 1494 1052 1550 eo
1083 1466 1143 1576 ju·

297 1612 401 1669 vene
433 1609 572 1699 prater
589 1586 782 1670 excellens
814 1585 1044 1699 ingenium,
1079 1586 1140 1671 in·

301 1702 495 1789 credibilis
526 1702 689 1817 quidam
710 1703 865 1818 pudor,
896 1733 939 1789 ac
972 1704 1142 1815 fingula·

301 1824 356 1907 ris
388 1820 603 1910 modestia:
635 1852 720 1934 qua
738 1852 816 1908 non
836 1823 956 1905 modo
987 1821 1027 1903 in
1049 1821 1140 1930 ejus

300 1941 482 2026 sermone
508 1942 701 2043 extabat,
731 1938 853 2020 sedin
876 1944 987 2025 vultu
1009 1939 1146 2022 etiam

299 2056 415 2168 ipso,
447 2062 485 2139 8<
512 2056 634 2136 oculis
652 2054 881 2135 eminebat.
913 2061 1141 2142 Commen-

298 2172 417 2257 dabat
436 2200 529 2255 eum
548 2193 733 2283 praterea
749 2169 931 2264 omnibns
953 2171 998 2254 iic
1019 2236 1035 2278 ,
1066 2178 1143 2286 qui

297 2290 413 2374 illum
454 2287 603 2371 nossent
639 2348 652 2396 ,
693 2288 867 2399 gravitas
908 2291 1093 2401 quadam
1126 2357 1144 2402 ,

306 2405 439 2513 major
473 2432 597 2516 quam
617 2432 705 2516 quar
735 2406 786 2489 ab
827 2407 893 2493 ill-a
925 2431 1040 2492 atate
1073 2440 1145 2524 po·

296 2523 474 2611 stulanda
512 2523 649 2632 ellet,
691 2524 839 2608 eximia
880 2527 1141 2613 humanitate

297 2663 570 2763 temperata·
606 2642 771 2732 Referta
812 2667 902 2730 tum
942 2674 991 2730 ea
1047 2650 1154 2761 urbs¹

1043 2790 1135 2850 Crat

335 2900 355 2931 ⁹
393 2899 660 2955 sacerdotiumne
681 2901 717 2964 cll
736 2939 744 2957 .
761 2914 774 2977 J
796 2902 972 2957 Sacerdotium
996 2900 1044 2953 boe
1064 2904 1138 2972 quod

297 2980 416 3040 oliverii
431 2978 510 3030 card.
532 2980 632 3031 Certfae
654 2981 770 3046 precibue
790 2984 833 3045 ι]
838 2981 891 3033 ulio
902 2983 940 3033 ll.
964 2983 1042 3034 l‘ont.
1054 2983 1135 3033 Mer.

296 3056 415 3109 obtinuit
429 3058 602 3108 Snooterus
618 3088 630 3119 ,¹
649 3056 682 3107 est
697 3062 867 3112 canonicatus
881 3096 895 3126 „
911 3070 938 3108 ut
951 3069 1045 3107 nocant
1071 3057 1136 3109 infi-

296 3134 359 3202 guie
380 3129 589 3202 vetussillirnique
610 3135 715 3200 Templi
741 3138 787 3188 SS.
804 3134 939 3187 Laurentii
963 3131 986 3185 8(
1008 3134 1110 3184 Damasi

296 3208 335 3262 ld
348 3209 437 3276 colligi
451 3209 555 3261 videtur
573 3225 604 3260 ex
618 3212 675 3260 Pet.
688 3214 784 3263 Bembo
797 3244 813 3275 2
828 3213 872 3282 qui
889 3213 915 3261 in
934 3212 1002 3261 libro
1016 3213 1047 3261 de
1062 3212 1134 3264 Guie

296 3286 339 3338 do
353 3286 457 3338 Ubaldo
469 3286 610 3349 Feretrio,
629 3284 653 3335 ἃ
668 3289 815 3341 Elisabetba
835 3292 959 3355 Gonzrga
975 3287 1071 3339 Urbini
1085 3289 1135 3341 dm

299 3361 375 3417 tibur
400 3363 453 3416 han
474 3362 572 3415 babet.
589 3395 612 3427 ‚,
633 3366 667 3415 1÷t
690 3368 983 3435 Sionem-quantum
1008 3366 1135 3420 tribueret

300 3471 330 3508 ῃ
344 3440 361 3502 (
373 3443 396 3508 J
397 3443 470 3493 ullus·
488 3446 530 3496 H.
543 3442 661 3509 >quanti
681 3439 737 3500 eius
749 3444 928 3495 incredibilem
950 3441 1108 3509 probitatem
1123 3475 1138 3508 ,

300 3547 325 3586 >2
345 3515 623 3587 pullentillimamque
636 3516 781 3573 dostrinam
804 3523 920 3583 fremet,
938 3535 1063 3587 quamque
1087 3520 1133 3573 libi

300 3595 418 3662 „culta
448 3592 504 3655 eine
533 3595 742 3665 splendentiaque
774 3610 893 3664 poemata
927 3596 1096 3663 probarentur
1122 3628 1139 3659 ,

305 3700 331 3739 ῃ
348 3670 460 3732 ostendit
478 3673 629 3727 Sacerdotio
649 3672 689 3724 illi
704 3674 804 3731 tradito
823 3678 911 3728 noma
933 3671 1021 3738 templi
1046 3669 1135 3726 lione,

305 3777 331 3823 2,
349 3747 445 3810 alumi
457 3749 658 3820 truncationi„
669 3784 681 3805 t
