2542 4350
412 466 564 547 Pro
581 482 616 566 r
650 484 672 543 o
704 486 735 543 τ
765 443 781 542 i
815 487 842 544 o

88 577 91 581 ’
212 573 324 666 virio
340 570 591 690 jucunditati
610 639 624 683 ,
650 604 818 692 quorum
835 565 1051 692 ingenium

210 691 496 801 admiremur,
528 720 664 781 eorum
705 716 876 782 eventus
901 689 1050 803 mores·

209 841 287 929 que
330 807 602 929 cognoscere.
646 814 822 938 Quare,
854 839 903 897 ut
931 807 1054 926 quid«

209 957 331 1045 quam
360 926 417 1015 od
448 923 669 1044 perfruam
696 956 873 1015 rerumu
890 922 1050 1038 summo

143 1078 145 1086 ⁸
210 1041 310 1133 viro
337 1038 838 1163 gestarumcogaitioaom
866 1040 1052 1159 dreffet‚

223 1166 516 1278 Fragmentum
546 1192 700 1291 quoquo
708 1157 805 1274 five
823 1159 1053 1250 Praemium

214 1279 378 1395 operis,
409 1277 516 1397 quod
542 1275 629 1393 epse
656 1286 899 1368 sonorem-s
924 1279 1048 1367 medi·

215 1389 401 1507 tobatur‚
417 1393 638 1508 adiecimus
657 1426 681 1510 ‚·
708 1418 923 1512 propterea
943 1397 1050 1514 quod

211 1511 344 1602 multa
382 1512 493 1604 ineo
518 1510 696 1606 delinito
722 1545 746 1601 a
769 1513 817 1626 se
835 1511 939 1602 vitae
963 1510 1048 1627 llu-

208 1628 447 1750 diorumque
480 1628 640 1719 ratioue
675 1625 726 1718 ab
753 1627 922 1720 autltore
945 1653 1048 1744 pra·

212 1745 432 1868 clariffimo
469 1747 730 1838 tradantur.
779 1743 1048 1865 Graviffituos

216 1865 345 1958 etiam
372 1864 603 1957 laudatores
631 1863 906 1967 excitavimus
934 1932 946 1976 ,
975 1865 1047 1985 qui

123 2063 125 2068 .
217 1991 431 2076 Suoouerr
452 1978 703 2098 singularem
738 1980 1048 2098 eloquentiam,

217 2097 519 2209 eruditionem,
545 2094 771 2193 doflriaam
790 2094 964 2215 polletis
991 2125 1049 2191 te·

207 2214 363 2335 statam
399 2212 687 2332 reliquerunt,
718 2239 764 2304 ut
784 2212 951 2331 scilicet
979 2251 1048 2309 au·

218 2330 457 2423 choritateua
493 2360 617 2450 ‚quo
646 2330 726 2449 ipfi
747 2364 929 2425 caremus
956 2403 968 2447 ‚
1000 2370 1051 2425 ex

215 2448 392 2541 aliorum
404 2447 626 2565 serrteutiis
646 2475 952 2541 mutuaremar.
985 2464 1049 2544 Ia·

216 2566 346 2658 dicem
377 2602 531 2689 quoque
565 2602 699 2658 rerum
734 2567 1051 2660 memorabilium

208 2686 513 2801 ,adiunximuffi
543 2686 598 2777 iis
619 2691 691 2809 qui
709 2715 837 2780 totum
857 2688 1050 2781 volumen

213 2803 426 2925 perlegere
453 2804 964 2926 uolueriutpropemoclum
985 2842 1050 2900 ue·

215 2921 466 3037 cessarium.
501 2924 686 3043 Denique
717 2927 924 3018 nouaullir
961 2938 1048 3017 Aa

214 3038 323 3130 touii
352 3036 583 3130 Florebelli·
615 3042 799 3174 lupetius
843 3045 1004 3136 laudati
1039 3113 1054 3160 ,

212 3158 349 3291 iisque
383 3156 688 3277 elegantifflmrs
727 3160 923 3280 Epislolis
950 3196 1055 3255 uuuc

215 3302 395 3398 promum
420 3274 578 3367 anobis
604 3278 783 3369 collellis
815 3348 829 3391 ‚
861 3282 1054 3374 volumem

218 3394 333 3501 hocce
351 3395 615 3487 claudendum
635 3398 873 3489 curavimus
905 3434 915 3453 ·
943 3424 1049 3516 pro·

220 3516 407 3619 euotede
424 3514 598 3631 eiusdem
626 3525 666 3604 F
666 3513 849 3609 lorelelli
891 3473 1050 3647 ludus,

956 3666 1054 3725 arur·
